2862 4986
437 217 885 336 uousnrou,
1090 251 1185 358 ,m9

448 618 845 649 m*-

210 861 470 944 curor
534 823 1100 942 ouooscruom

492 1181 503 1194 .
546 1105 595 1158 DE
631 1107 789 1160 PUGM·

146 1371 152 1378 '
182 1367 211 1468 ξ.
241 1389 273 1438 r.
321 1324 394 1436 Ex
413 1359 562 1435 Homeri
592 1357 807 1435 carminibus
840 1361 880 1436 in
906 1361 1016 1438 Iliade
1038 1384 1195 1466 praeser-

133 1466 203 1539 tim
235 1459 447 1566 proeliorum
470 1461 521 1533 fre
548 1473 689 1532 nentem
715 1459 791 1533 fieri
821 1461 1060 1554 mentionem,
1089 1483 1195 1534 nemo

135 1587 220 1640 sane
243 1573 320 1646 est,
343 1559 405 1658 qui
430 1557 486 1630 vel
516 1485 655 1658 dubitet
677 1556 733 1628 vel
751 1557 910 1640 miretur.
966 1547 1042 1633 Nec
1075 1573 1196 1632 tamen

136 1685 279 1766 semper
302 1659 485 1730 universus
517 1655 690 1756 exercitus
717 1659 921 1731 concurrit:
960 1656 1069 1730 immo
1100 1656 1197 1756 prin·

135 1763 233 1860 cipes
254 1755 389 1856 saepius
423 1755 549 1824 heroes
570 1766 651 1824 ante
682 1754 793 1826 aciem
816 1764 958 1850 πρόμαχοι
981 1767 1141 1855 pugnant
1162 1765 1198 1826 et

136 1872 314 1932 certamen
333 1873 439 1924 omne
459 1851 642 1926 dirimunt.
691 1850 795 1942 Quod
818 1853 847 1924 si
867 1853 997 1926 fectum
1024 1879 1098 1926 non
1125 1863 1198 1944 est,

135 1959 176 2031 in
202 1981 239 2034 se
271 1951 420 2026 invicem
444 1973 508 2050 per
540 1949 665 2052 stirpes
698 1949 770 2021 lere
797 1949 936 2023 irruunt
969 1949 1107 2036 hostes.
1131 1973 1199 2026 nee

141 2051 333 2154 quidquam
367 2047 441 2120 lieri
464 2043 605 2134 videas,
662 2045 732 2120 uod
762 2060 871 2121 totam
905 2049 1016 2122 aciem
1050 2061 1199 2150 spectet.

138 2155 195 2236 Ur
227 2162 343 2223 autem
384 2143 506 2217 ordine
541 2073 790 2243 procedamus,
827 2143 871 2218 de
911 2145 968 2220 liis
1000 2145 1200 2247 siugulatim

138 2249 207 2324 erit
233 2242 472 2335 monendum,
506 2241 727 2352 generalibus
757 2241 968 2346 quibusdam
997 2247 1042 2318 de
1075 2245 1202 2320 tactica

138 2345 351 2450 praemissis.
796 2397 797 2400 ,
1053 2367 1083 2398 ·‘

185 2445 216 2546 ξ.
244 2469 278 2518 2.
328 2442 400 2516 Per
418 2439 545 2544 stirpes
564 2437 666 2526 dirisi
689 2441 728 2514 in
749 2439 824 2514 acie
843 2439 985 2518 adstant
1014 2441 1140 2523 Achivi
1164 2457 1202 2520 et

142 2543 312 2647 Troiani,
337 2542 462 2642 cuique
489 2539 591 2641 stirpi
626 2537 681 2611 sui
709 2541 887 2643 principes
922 2555 1106 2660 praesunt,
1138 2545 1203 2645 qui

144 2643 269 2718 eodem
297 2641 336 2714 in
357 2661 436 2712 suos
456 2636 605 2738 imperio
630 2649 667 2708 et
700 2637 775 2752 peri
807 2653 1010 2716 auctoritate
1029 2652 1136 2714 sunt:
1163 2643 1202 2717 hi

145 2753 268 2842 sponte
290 2763 354 2812 sua
376 2761 443 2809 nec
464 2737 568 2810 inviti
591 2735 733 2834 imperii
755 2745 928 2812 summam
952 2740 990 2812 in
1009 2765 1122 2812 unum
1142 2737 1204 2814 de-

144 2841 281 2964 ferpnt,
354 2832 400 2908 od
430 2835 466 2907 in
490 2839 788 2934 Agamemnonem
819 2862 839 2908 a
867 2837 1029 2928 Graecis,
1064 2837 1204 2912 aTro-

145 2943 233 3042 jaare
254 2939 292 3009 in
362 2946 515 3008 ectorem
537 2933 691 3032 Trojano
718 2929 814 3010 bello
848 2934 1004 3008 delatum
1034 2959 1109 3010 esse
1141 2962 1205 3010 no·

145 3045 228 3110 r'unt
262 3058 393 3108 omnes.
450 3029 681 3132 Disciplinam
715 3055 799 3105 vero
838 3033 1060 3123 militarem,
1099 3061 1205 3136 qnam

146 3133 312 3208 dixerunt
330 3131 562 3220 recentiores,
588 3131 714 3202 frustra
738 3130 776 3202 in
795 3155 916 3205 eorum
935 3135 1009 3207 ecie
1027 3135 1207 3233 quaesive-

147 3235 208 3314 ris.
265 3233 352 3333 Ejus
385 3229 501 3320 enim,
539 3225 596 3301 vel
631 3238 670 3301 ut
707 3227 867 3304 universe
897 3228 1031 3322 dicam,
1063 3233 1205 3310 ucrioes

148 3331 293 3405 omnino
321 3354 394 3402 non
422 3326 492 3402 nisi
521 3327 635 3430 prima
658 3322 830 3400 elementa
858 3343 1050 3420 noverant,
1075 3355 1143 3404 nec
1166 3357 1208 3408 ea

148 3453 270 3504 omnes
292 3439 353 3502 aut
398 3423 534 3514 lmimi,
561 3424 622 3498 sed
648 3425 750 3524 pauci
760 3437 913 3519 tantum:
939 3427 1126 3503 Hectorem
1156 3428 1211 3504 di·

150 3551 213 3617 co,
239 3453 483 3600 Menestllenm
500 3535 537 3594 et
563 3548 648 3622 prae
668 3524 793 3596 ceteris
816 3524 1021 3599 Nestorem:
1047 3526 1208 3625 Troianis

148 3651 231 3701 vero
259 3624 408 3698 multum
436 3619 673 3694 excelluerunt
701 3617 841 3700 Achivi,
888 3625 943 3698 Ex
968 3623 1022 3697 his
1038 3623 1210 3726 quaedam

152 3728 296 3810 tactices
326 3733 514 3828 praecepta
552 3719 624 3793 suis
660 3715 758 3791 dedit
792 3720 899 3794 sen'ex
931 3720 1073 3822 Pylius,
1147 3749 1209 3818 ae,

152 3819 197 3918 ab
214 3825 370 3910 Homero
383 3819 570 3898 memoriae
616 3817 747 3908 rodite,
765 3817 920 3895 breviter
939 3845 1060 3898 sumus
1078 3747 1210 3896 illitu·

153 3923 205 4011 ri,
229 3922 274 3994 de
292 3917 515 4022 quibusvero
529 3843 641 4019 prolre
658 3915 851 3989 tenendum
869 3931 943 4007 est,
968 3916 1063 3996 baud
1086 3945 1210 3995 omnes

153 4033 247 4114 arte,
271 4043 376 4128 quam
394 4017 523 4095 Nestor
543 4015 732 4108 docuerat,
759 4016 798 4088 in
818 4014 951 4116 proelio
983 4041 1061 4092 usos
1081 4019 1210 4132 fuisse,

845 4139 902 4204 ¹5
1146 4141 1213 4191 lm*
