2814 4984
244 277 295 377 rr
518 273 1041 376 turroU1ras

244 475 845 661 HaHHHHHHHZ
860 474 1224 650 ww
1242 479 1319 653 1⁸22?

240 677 309 751 tini
336 673 638 765 inmutationem,
669 697 760 775 qnae
778 653 838 748 ¹ab
875 673 1031 747 Homero
1067 632 1208 774 peliaci,
1223 677 1322 750 Sire-

120 805 127 820 ’
237 800 328 852 num
344 786 452 848 cantu
468 795 630 892 expressa
648 787 712 846 est
762 773 840 846 Hae
857 787 1015 848 mentem
1032 773 1215 846 hominnm
1234 775 1320 848 alie-

243 871 322 948 nari
349 895 390 945 ac
415 869 528 947 relutr
547 869 593 945 de
614 869 699 943 sede
724 896 786 943 sna
809 872 915 968 dejici
936 870 1109 943 creditum
1129 885 1194 942 est
1243 873 1321 946 Sed

243 968 398 1046 maxime
416 969 622 1043 admiranda
645 982 798 1068 potestas
822 971 1003 1068 Magorum
1026 972 1066 1042 in
1094 970 1324 1044 transforma-

243 1067 402 1144 tionibus
424 1093 507 1140 cum
538 1069 617 1154 sui,
651 1081 728 1140 tum
748 1067 914 1157 aliorum,
945 1093 1051 1170 quam
1072 1070 1113 1140 in
1132 1067 1260 1143 Proteo
1285 1083 1324 1142 et

249 1166 352 1241 Circe
370 1163 530 1239 exhibuit
554 1167 741 1240 Homerus.
790 1165 927 1240 Verum
950 1168 1046 1239 enim
1071 1191 1178 1257 veru,
1205 1171 1326 1268 pergit

246 1265 371 1348 Idem,
395 1261 564 1338 adversus
579 1265 720 1338 noxiam
745 1265 837 1340 hanc
861 1266 1038 1364 Magomm
1052 1265 1144 1356 vim,
1170 1267 1325 1356 intusa,

248 1359 410 1444 remedia
430 1387 570 1463 qnoque
595 1362 770 1440 nonnulla·
796 1377 931 1438 veteres
961 1360 1179 1456 habuemnt3
1208 1365 1326 1466 qualis

250 1457 364 1536 herba
381 1465 463 1556 palio
492 1487 512 1534 a
532 1460 708 1534 Mercurio
727 1459 849 1561 Ulyssi
868 1460 1036 1544 adversus
1056 1461 1174 1534 Circes
1197 1464 1328 1536 incan-

252 1561 402 1642 tationes
424 1557 551 1635 data1.
602 1560 786 1632 Caeterum
809 1559 991 1634 adhibitae
1012 1584 1152 1662 qnoque
1175 1562 1215 1634 in
1233 1561 1330 1636 salu·

256 1671 331 1736 tem
359 1655 614 1732 incantationes
651 1658 696 1731 de
723 1657 870 1732 ellendis
896 1656 1052 1748 morbis,
1083 1672 1124 1732 ut
1147 1659 1193 1732 ab
1218 1664 1328 1734 Anto·

254 1751 326 1856 lyci
348 1755 431 1831 filiis
444 1756 484 1829 in
504 1756 643 1857 Ulyssis
720 1781 806 1830 nem
823 1755 955 1830 factum
976 1757 1303 1836 reserationem:

403 1863 506 1940 Δῆσαν
517 1859 729 1952 dumetum·
753 1859 870 1954 ἐπαοιδῇ
887 1853 917 1927 δ’
934 1857 1009 1950 αἷμα
1029 1861 1153 1930 etune

392 1953 408 1978 ι
556 1971 586 2010 ²·

306 2051 340 2151 ξ.
367 2049 405 2126 3.
453 1985 551 2144 Ουῗε
571 2052 750 2168 superiore
761 2051 1008 2154 paragraphus
1029 2051 1117 2126 Viro
1132 2052 1236 2128 Doct
1253 2081 1331 2129 ωο-

256 2162 409 2248 moratos
419 2149 583 2226 dedimus
602 2153 855 2231 incantationes
876 2165 913 2225 et
932 2151 979 2226 eh
993 2177 1039 2227 eo
1055 2151 1106 2224 ita
1124 2168 1329 2253 nuncupata

255 2251 386 2336 ρπἂτα
401 2249 441 2322 in
465 2249 623 2324 Homero
640 2249 748 2324 obvia
765 2250 911 2346 quidem
931 2263 1037 2324 sunt:
1064 2263 1101 2322 at
1118 2273 1165 2322 ne
1183 2249 1273 2326 falso
1290 2277 1332 2326 ca

260 2349 335 2424 inte
378 2358 739 2422 retemurcareamus.
773 2347 936 2425 Sirenum
947 2350 1064 2438 enim,
1089 2359 1130 2420 ut
1145 2347 1215 2422 hoc
1227 2363 1334 2442 utar,

261 2443 320 2526 fab
398 2469 466 2519 nec
483 2447 616 2543 magiae
641 2447 682 2520 in
712 2443 882 2520 elementa
904 2445 1049 2520 effectus
1076 2445 1178 2522 nobis
1197 2448 1335 2546 signifi-

262 2567 342 2622 care
366 2543 478 2618 voluit
506 2543 640 2634 Poeta,
663 2567 730 2616 nec
761 2546 924 2642 cogitavit
952 2541 1109 2648 quidem.
1156 2544 1242 2620 Fuit
1272 2546 1337 2622 illa

263 2641 466 2732 eommunis
486 2653 523 2713 et
541 2655 706 2736 constans
736 2667 800 2714 sno
823 2655 982 2742 tempore
1004 2641 1191 2717 hominum
1214 2643 1260 2720 de
1281 2647 1336 2718 Si·

259 2733 413 2816 'renibus
437 2763 459 2809 o
486 2739 578 2832 inin,
605 2767 711 2841 quam
740 2753 781 2812 ut
807 2741 922 2816 fidelis
951 2741 1027 2816 aeri
1054 2743 1109 2815 sui
1136 2739 1336 2844 descriptor

265 2837 370 2915 nobis
385 2851 441 2910 tra
470 2835 554 2929 dit,
578 2835 779 2940 aequalium
804 2864 949 2914 snorum
979 2839 1090 2914 cultui
1112 2854 1149 2913 et
1171 2843 1340 2940 supersti-

266 2937 359 3010 tioni
386 2949 680 3030 consentaneam,
705 2940 805 3012 cu'us
825 2937 1087 3040 simplicitatem
1118 2952 1153 3010 et
1173 2965 1256 3036 rero
1271 2939 1337 3014 de-

269 3033 495 3120 lectationem
518 3061 564 3108 ne
586 2963 866 3136 philosopiando
880 3036 983 3114 nobis
1011 3039 1183 3137 posterior
1202 3038 1336 3114 aufer-u

269 3147 374 3216 aetas.
434 3131 490 3205 De
508 3133 637 3233 quibus
667 3138 826 3211 universe
858 3135 927 3208 hoc
951 3149 1152 3212 teneamus:
1187 3137 1338 3236 magiam

270 3258 344 3307 non
363 3229 462 3306 velut
481 3245 594 3306 artem
616 3259 636 3306 a
659 3235 771 3314 Poeta
797 3259 872 3308 esse
893 3233 1135 3334 descriptam,
1159 3259 1227 3308 nec
1254 3261 1340 3316 eum

270 3337 388 3428 nta'gos
409 3353 493 3430 prae
524 3333 652 3404 ceteris
676 3338 754 3431 ejus
782 3334 865 3406 artis
891 3337 1046 3433 peritos,
1081 3359 1149 3408 nec
1180 3336 1340 3410 remedia

255 3427 437 3528 'cogitasse
457 3451 498 3500 ea
518 3431 725 3528 praesertim
736 3445 857 3504 mente
882 3431 1095 3530 excogitata,
1120 3431 1249 3533 quibus
1266 3461 1344 3510 ma-

296 3529 348 3600 'ae
365 3526 437 3600 rim
459 3539 666 3601 averterent
716 3529 816 3621 Quae
846 3529 930 3604 olim
955 3532 1043 3604 sacta
1065 3544 1151 3604 tunc
1172 3537 1344 3634 temporis

156 3697 163 3708 ,
284 3623 471 3702 erebantur
488 3623 655 3720 tradidit,
679 3625 731 3700 nil
749 3642 929 3730 praeterea
949 3629 1115 3727 cogitans.
