2870 4986
298 334 387 440 arr·
567 331 1095 426 ser1Qo1rss
1166 407 1173 419 .

685 581 1005 620 uun-⁸⁴⁸¹*-

326 789 343 802 ”
489 765 757 872 CAPUT
812 763 1218 862 Qolnron,

729 993 781 1048 DE
814 988 985 1050 1108101·

369 1211 402 1315 ξ.
430 1239 463 1294 1.
512 1171 635 1326 Quae
668 1211 849 1315 hucusque
874 1210 1118 1286 recensuimus
1140 1212 1312 1286 exercitia
1340 1239 1409 1288 ne·

322 1313 469 1390 cessaria
485 1325 607 1402 erant,
638 1309 773 1402 idest,
806 1311 962 1399 rictum,
991 1313 1239 1404 securitatem,
1268 1339 1406 1400 rusum,

324 1427 362 1490 et
375 1411 540 1488 restitum
555 1409 774 1508 spectabant.
823 1395 1010 1483 Accedunt
1024 1408 1111 1501 alia,
1134 1435 1224 1511 quae
1240 1409 1409 1484 delecta·

324 1510 430 1594 tionis
467 1522 503 1582 et
544 1507 730 1606 voluptatis
761 1533 865 1582 cansa
904 1507 1164 1598 instituebant,
1198 1507 1406 1610 quibusque

300 1636 304 1647 ·
324 1611 464 1682 animur
484 1604 767 1694 exhilarabatur,
780 1599 953 1680 musicem
963 1607 1046 1680 dico
1060 1618 1098 1679 ot
1117 1619 1274 1682 canurm.
1312 1609 1405 1700 Qni-

322 1707 394 1784 bus
424 1706 518 1778 enim
539 1703 685 1805 ‚ardbue
716 1702 883 1806 deinceps
913 1705 1042 1779 Graeci
1068 1703 1234 1780 cultiores
1265 1719 1404 1778 nutam

322 1806 365 1884 in
384 1803 544 1879 omnium
568 1804 706 1878 animm
730 1803 814 1880 rim
837 1801 1066 1896 tribuenmt,
1093 1800 1222 1877 iisdem
1256 1803 1405 1878 heroica

325 1911 440 1978 aetate
471 1892 695 2000 summopere
718 1899 1000 1994 delectabantur.
1050 1901 1188 1976 Troicis
1216 1904 1290 2002 jam
1310 1917 1405 1976 tem·

325 1999 496 2104 poribus,
521 2012 562 2089 ut
584 2003 635 2076 ait
651 1998 864 2096 Knigtbius,
886 2024 1004 2100 regem
1026 2025 1321 2100 unumquemque
1340 2026 1406 2100 po·

327 2097 517 2179 tentiorem
557 2099 599 2176 in
630 2097 760 2176 familia
804 2105 946 2198 poetam
982 2097 1108 2173 aluisse
1143 2112 1300 2186 constat,
1340 2097 1401 2200 qui

328 2195 488 2297 hospites
509 2209 547 2288 et
570 2195 703 2278 amieos
722 2196 762 2270 in
788 2196 958 2290 conviviis
975 2196 1185 2289 delectaret,
1210 2223 1253 2272 ac
1270 2199 1401 2272 civium

330 2297 468 2382 animos
486 2293 543 2402 tad
573 2297 743 2395 pietatem
772 2307 810 2367 et
842 2296 1010 2370 virtutem
1040 2295 1278 2386 accenderet,
1314 2295 1401 2370 dum

327 2393 490 2480 Deorum
517 2392 640 2476 laudes
661 2404 699 2470 et
727 2395 903 2492 majorum
926 2419 982 2468 res
1010 2394 1146 2474 sortiter
1176 2407 1291 2492 gestan
1325 2421 1404 2468 mr·

329 2492 489 2567 minibus
517 2488 564 2565 ad
590 2491 704 2594 lyram
738 2493 885 2565 cantatis
907 2492 1109 2568 celebraret
1159 2493 1289 2568 Poetae
1318 2494 1405 2566 item

330 2590 480 2689 singuli,
503 2591 566 2688 qui
589 2597 670 2664 arte
684 2602 720 2662 et
729 2589 880 2688 ingenio
903 2591 1049 2666 caeteris
1067 2589 1342 2691 praecellerent,
1367 2606 1402 2663 et

331 2675 485 2788 quoium
515 2687 607 2784 mmo
634 2694 704 2788 jam
730 2685 834 2764 latius
865 2689 1146 2790 percrebuisset,
1171 2687 1268 2764 baud
1295 2691 1400 2762 unius

332 2787 507 2890 principie
549 2787 746 2886 patrocinio
778 2785 833 2888 vol
862 2789 977 2886 ‘unius
1036 2790 1128 2862 entis
1164 2789 1400 2864 aestimatione

332 2887 517 2976 contenti,
536 2886 740 2988 longinquis
759 2887 1018 2986 peregrination
1057 2913 1098 2960 us
1116 2883 1263 2984 gloriam
1281 2899 1399 2986 capta·

332 2981 443 3074 bant,
467 2996 572 3084 atque
587 2999 725 3074 anem,
750 2982 1065 3084 quam'colebunt,
1090 2985 1188 3060 vario
1202 3010 1398 3060 remmusu

335 3095 374 3153 et
394 3081 583 3155 hominnm
598 3082 816 3184 experientia
839 3083 1013 3160 ornabant
1029 3083 1285 3184 eugebantque.
1334 3083 1397 3156 Ta·

334 3179 407 3254 lem
430 3179 535 3252 luisse
552 3179 659 3262 credo
680 3179 887 3278 Thamyrim
907 3179 1007 3258 illum
1035 3179 1231 3256 Thracium
1248 3197 1263 3239 ¹
1284 3223 1333 3240 -
1350 3197 1396 3254 ta·

335 3278 479 3386 lemque
500 3277 607 3356 titisse
624 3283 740 3382 ipsum
768 3277 888 3354 Iliadis
913 3277 972 3376 (et
991 3280 1188 3378 Odysseae)
1224 3293 1395 3356 auctorem

335 3379 419 3472 {tum
436 3377 597 3450 veterum
614 3375 774 3464 traditio,
798 3389 875 3450 tum
907 3379 1070 3458 comninis'
1098 3377 1320 3477 (carminum)
1346 3381 1394 3450 in·

338 3473 438 3568 doles
456 3499 497 3552 ao
522 3476 635 3554 forma
662 3477 723 3550 vix
750 3462 914 3552 dubitare
938 3476 1022 3548 sinit
1037 3494 1067 3554 ⁸.
1115 3477 1320 3576 Principum
1340 3476 1392 3572 igi·

336 3587 400 3649 tur
422 3573 620 3660 domicilia,
646 3598 768 3671 regum
792 3573 919 3664 aedes,
953 3575 1076 3676 populi
1104 3573 1290 3676 aliquando
1314 3601 1392 3648 con·

338 3674 462 3748 ciones
481 3673 631 3747 obibant
656 3675 743 3748 ᾰαὼί
763 3669 910 3744 deorum
933 3671 1186 3773 hominumque
1209 3699 1265 3746 res
1292 3690 1393 3774 gestas

338 3773 494 3852 carmine
513 3768 755 3864 celebrantes,
779 3783 820 3846 ut
841 3771 1011 3850 Phemius
1031 3785 1068 3846 et
1087 3769 1318 3848 Demodocus.

1311 3869 1392 3970 μ

372 4049 405 4122 ι)
420 4045 484 4104 rte
500 4041 551 4101 ol.
566 4038 609 4110 11,
628 4037 689 4107 ⁵9⁰·
781 4033 810 4104 ol
828 4035 861 4096 ll.
876 4033 964 4106 Payne
979 4033 1080 4105 Knigtr
1095 4036 1198 4106 Proice.
1215 4036 1237 4096 Ι.
1252 4031 1386 4106 tulli.

338 4135 420 4206 psa.
450 4127 491 4186 ct.
507 4117 707 4186 Untersuebunss
718 4115 785 4171 tter
801 4118 912 4172 {lomere
930 4115 1017 4172 leben
1031 4119 1083 4172 nntl
1107 4119 1245 4176 rehriltu.
1275 4119 1323 4172 les
1335 4115 1399 4170 dul

335 4211 493 4282 Englieelren
510 4207 556 4260 des
572 4198 726 4260 lllaeleells
746 4197 875 4256 tiernus
895 4217 944 4255 rou
960 4199 987 4258 J.
1000 4199 1036 4256 ti.
1048 4197 1125 4260 Voss.
1141 4199 1257 4260 ιώυω
1268 4197 1387 4258 Mei}

333 4315 408 4372 μ.
426 4297 475 4351 12⁴
490 4307 561 4362 seqq.
