2842 4984
381 255 878 364 'nonnnron'
1086 273 1156 391 ιιι

83 481 263 560 culiarem
276 477 404 554 tribuit
421 449 615 574 Hometus,
639 505 726 586 quos
750 484 798 572 ita
814 467 1047 584 ,yaiuateotym
1066 451 1161 560 nun·

87 584 238 684 cupavit
254 595 284 657 ¹.
309 595 314 606 '
335 580 428 654 Oves
443 593 480 653 et
501 609 624 686 capras
640 589 724 656 suas'
737 583 897 656 mulsisse
921 585 1070 658 traditur
1089 587 1160 658 Po·

87 683 306 782 lyphemus,
335 681 417 781 qui,
443 680 541 756 lactis
566 687 644 784 ejus
673 695 773 782 parte
797 684 967 784 seposita,
989 684 1165 784 reliquom

89 784 165 856 sibi
194 782 338 870 sumsit,
369 779 445 877 ὄφρα
471 793 495 852 οἱ
516 787 685 879 ποτιδόρπιον
712 793 754 865 εἴη
771 801 815 872 ²,
855 787 1021 882 cujusque
1042 782 1081 853 in
1103 793 1165 853 on*

93 897 156 954 tro
180 879 330 951 maxima
357 879 424 950 suit
455 903 633 952 caseorum
666 881 765 980 copia
784 877 812 955 5.
869 881 989 978 Ulyssi
1020 885 1164 982 ejusque

94 979 203 1054 sociis
228 1003 367 1051 caseum
392 1002 474 1050 cum
506 979 616 1053 farina
638 989 675 1049 et
705 975 811 1050 melle
844 979 1003 1051 exhibuit
1038 981 1163 1070 Circe,

93 1081 183 1156 vino
204 1075 371 1150 admixto.

198 1180 250 1248 Ἑν
270 1181 302 1250 δι’
323 1189 533 1281 corumptum
553 1183 601 1250 καί
621 1181 728 1279 ἄλφιτα
750 1183 800 1250 καὶ
815 1183 881 1275 usit
900 1183 1010 1286 χλωρόν

206 1280 286 1372 Oinoa
307 1283 460 1374 Πραμνείῳ
484 1283 570 1348 ἐκύκα
585 1275 617 1354 4.

94 1372 239 1450 Eadem
266 1375 402 1446 ratione
434 1376 580 1448 mixtam
607 1375 810 1476 potionem,
847 1399 917 1474 qua
941 1373 1029 1449 vires
1049 1379 1171 1452 refice·

97 1487 206 1562 rent,
231 1471 371 1546 Nestori
387 1473 621 1548 etMachaoni
640 1476 803 1576 apposuit
819 1473 1039 1568 Hecamede,
1065 1499 1171 1579 quam

96 1573 312 1662 mixturam,
332 1570 598 1668 aontodiotam,
624 1577 674 1648 ita
691 1571 861 1648 describit
879 1575 1002 1650 Poeta.
1050 1577 1094 1650 In
1110 1601 1175 1676 po-

97 1671 209 1764 culo,
234 1671 370 1772 inquit,

209 1821 405 1849 ······
430 1803 479 1873 σφι
502 1779 608 1856 stauos
633 1782 721 1872 γυνὴ,
746 1782 836 1847 etanta
859 1778 976 1872 θεῇσιν,

208 1875 289 1966 Οῗιῳ
310 1873 490 1969 Πραμνείῳ,
513 1879 560 1944 ἐπὶ
575 1875 602 1944 δ’
619 1883 720 1970 αἴγειον
740 1891 791 1958 κνῆ
815 1881 897 1972 cupio

208 1969 323 2052 Κνὴστι
345 1976 487 2068 χάλιιίῃ,
512 1979 557 2044 ἐπὶ
576 1969 605 2046 δ’
620 1973 728 2071 ἄλφιτα
754 1977 841 2044 λευκὰ
861 1977 966 2046 πάλυνε
980 1970 1016 2046 ⁵:
1298 2063 1301 2070 Ι

95 2101 100 2112 ·
157 2063 192 2165 ξ.
217 2065 253 2140 6.
312 2067 436 2158 Olera,
494 2081 640 2141 uantum
672 2093 716 2142 ex
751 2069 907 2142 Homero
937 2079 1101 2162 constat,
1135 2069 1175 2146 in

109 2164 279 2240 conviviis
301 2189 374 2240 non
396 2095 657 2258 adhibuerunt,
681 2193 831 2266 quorum
854 2169 1074 2241 mentionem
1101 2193 1177 2242 non

109 2265 182 2338 nisi
202 2287 273 2337 uno
290 2263 365 2338 loco
394 2265 607 2338 carminibus
638 2267 810 2368 injunxit,
836 2287 947 2372 eoque
975 2259 1049 2340 non
1067 2288 1181 2365 ‘geue-

110 2367 218 2435 ratim
251 2363 343 2437 olera
371 2363 436 2436 sed
466 2364 676 2436 nominatim
707 2389 811 2464 cepas
840 2364 1032 2456 meminit,
1069 2365 1179 2440 etita

110 2461 277 2562 quidem,
302 2475 422 2536 utens
448 2489 522 2536 non
551 2463 588 2536 in
611 2461 770 2536 ciborum
796 2487 943 2536 numero
979 2477 1110 2564 ponat,
1144 2477 1181 2538 st

112 2567 161 2632 de
180 2575 266 2654 potu
289 2558 409 2652 dicat,
432 2562 489 2635 cui
516 2559 561 2634 ad
581 2567 752 2664 majorem
781 2563 849 2661 ipsi
870 2563 1076 2636 suavitatem
1096 2589 1181 2636 con·
1266 2607 1277 2624 ·
1366 2589 1371 2598 ·

113 2657 306 2734 ciiiandam
335 2658 606 2734 admisceantur.
656 2662 701 2734 In
733 2659 893 2734 Nestoris
919 2661 1051 2734 scilicet
1068 2673 1181 2734 tento·

114 2761 171 2832 rio
199 2758 409 2849 Machaoni,
445 2758 571 2860 quibus
608 2759 702 2832 vires
731 2760 897 2850 reficiat,
940 2783 1023 2834 cum
1051 2757 1117 2834 alia
1140 2761 1181 2834 iu

115 2883 240 2932 mensa
260 2859 420 2958 apposuit
438 2857 657 2948 Hecamedc,
680 2871 760 2930 tum
877 2877 879 2882 ·

589 2989 607 3028 κ
632 2968 707 3050 ’μνον
729 2958 805 3054 ποτῷ
822 2960 890 3053 ὄψιν
907 2955 938 3030 ⁶.

170 3055 201 3154 ξ.
228 3080 263 3156 7.
312 3053 388 3127 Nec
408 3055 517 3152 magis
542 3055 580 3128 in
604 2987 751 3154 fferonm
777 3054 944 3128 conviviis
978 3051 1111 3128 fructus
1140 3052 1185 3130 ab

118 3155 277 3228 Homero
298 3167 548 3244 recensentur,
574 3179 662 3255 quos
684 3167 802 3227 tamen
824 3179 899 3227 nou
920 3153 1102 3252 ignorabat
1125 3179 1184 3228 ae·

117 3267 174 3325 tas
200 3253 354 3327 heroica.
403 3253 550 3353 Ulysses
572 3255 668 3324 euim
700 3253 820 3352 plures
853 3253 983 3350 ὄγχνας,
1015 3262 1122 3350 unitae
1149 3265 1185 3325 et

120 3365 224 3438 συκέας
252 3377 273 3426 a
290 3365 391 3453 patre
410 3376 448 3428 se
469 3352 645 3453 accepisse
664 3350 772 3437 refert
787 3367 816 3427 7.
867 3355 911 3425 ln
929 3351 1066 3426 Alcinoi
1085 3351 1188 3424 horto

1132 3451 1194 3524 od·

122 3647 156 3702 Ι..
170 3645 191 3701 1.
224 3643 264 3699 De
282 3645 365 3700 biset
381 3642 442 3700 aliis
462 3642 516 3714 eius
538 3647 639 3715 generis
663 3645 749 3701 verbis
771 3643 920 3718 eorumque
932 3645 1032 3714 origiue
1048 3656 1076 3700 et
1089 3643 1193 3714 signifi-

121 3730 227 3786 catione
244 3746 291 3783 sns
309 3729 402 3798 cuique
421 3739 448 3782 et
469 3731 596 3784 aectoris
619 3729 673 3783 iere
689 3728 789 3783 diversa
811 3741 852 3784 est
871 3729 1009 3784 sententis.
1110 3729 1140 3796 ι)
1159 3728 1194 3790 11.

125 3813 159 3866 L.
174 3809 193 3866 l.
270 3810 300 3879 2)
319 3810 382 3866 tit.
399 3810 448 3867 Od.
463 3809 518 3880 IX,
536 3813 586 3882 ²49
602 3829 671 3882 seqq.
724 3809 754 3879 5)
774 3811 836 3868 Vid.
853 3811 903 3869 Od.
922 3813 953 3868 t.
964 3812 983 3864 1.
1000 3827 1038 3863 rs.
1050 3814 1191 3883 219,232.

125 3892 416 3961 stotxflttseq.
473 3893 504 3960 5)
522 3889 695 3966 11.x1,637
709 3911 781 3965 seqq.
798 3895 843 3952 cli.
860 3913 896 3950 rs.
914 3898 1053 3964 617seqq.
1111 3894 1141 3963 6)
1159 3895 1192 3952 ΙΙ.
1256 3889 1267 3960 χ’

126 3975 160 4030 Ῑ..
178 3974 198 4027 l.
217 3969 257 4030 ιι.Ι
269 3977 327 4044 629.
362 3972 402 4027 De
417 3991 469 4044 quo
484 3991 606 4044 ceparum
626 3993 673 4028 usn
694 3975 768 4046 plura
784 3976 887 4031 adferre
905 3974 1024 4030 consulto
1040 3977 1194 4048 supersede-

125 4075 199 4112 mus:
215 4056 314 4110 ineerta
333 4057 401 4108 euin
413 4055 459 4110 itta
474 4057 619 4114 etninors.
654 4057 706 4122 Qui
720 4058 783 4116 velit
794 4059 870 4114 adeat
887 4057 976 4113 schot.
997 4067 1024 4113 et
1037 4056 1149 4132 interpr.
1165 4061 1198 4116 sd

124 4137 180 4198 Μ,
270 4137 298 4210 7)
318 4137 378 4192 tid.
397 4139 446 4197 Od.
466 4136 720 4212 XXIV,539seqq.
924 4207 971 4266 Η
