2814 4984
243 301 358 404 73·
518 295 1034 395 anrrourras

243 497 369 572 tellitio
396 521 437 570 ac
465 499 642 572 comitatu.
695 495 925 570 Telemachus
963 507 1088 585 certe,
1129 497 1180 572 ad·
1202 505 1343 600 quenl

243 599 386 671 Ithacae
413 620 559 692 regnum
584 596 808 710 pertinebat,
845 593 980 667 duobus
1004 607 1143 669 tantum
1166 599 1342 676 mnibus

245 695 429 768 dominum
442 693 667 795 sequentibus
683 697 721 768 in
736 694 944 766 concionem
960 695 1162 790 egreditur:

344 799 412 866 Οὐκ
431 789 501 878 οἶος·
518 797 679 892 ἔματῲγε
702 796 758 864 δύω
777 800 854 875 κύνες
871 797 1059 888 appetit-‘om
1075 811 1103 868 ².
1134 813 1141 824 “
1209 817 1217 828 ·

242 891 288 966 In
307 891 400 966 bello
416 917 498 966 cum
520 890 661 988 regibus
679 907 754 964 tum
772 890 927 988 principi
946 893 1071 989 cuique
1089 894 1162 965 viru
1181 893 1337 971 adsunt

243 1001 426 1091 θιράπσιτες,
453 987 515 1090 qui
538 1015 643 1088 opem
672 991 741 1061 suis
771 989 810 1060 in
835 1013 951 1086 pugna
974 989 1087 1062 serant
1109 1003 1146 1063 et
1172 1008 1300 1069 cetera
1319 1054 1337 1088 ,

245 1087 374 1188 quibus
395 1113 483 1188 opus
516 1086 640 1178 fuerit,
664 1086 779 1161 officia
800 1091 989 1184 praestent.
1037 1087 1212 1165 llero'ihus
1243 1094 1333 1166 sere

244 1187 395 1261 amicitia
415 1197 451 1257 et
465 1183 696 1258 familiaritate
714 1187 828 1284 juncti
840 1197 923 1256 sunt
937 1201 1054 1274 ²,una
1067 1213 1149 1260 cum
1166 1190 1209 1262 iis
1224 1189 1333 1265 edn-

247 1287 334 1376 mti,
351 1298 390 1356 nt
408 1309 490 1356 cnm
510 1282 646 1356 Achille
667 1282 867 1372 Patroclus,
890 1283 996 1382 inque
1014 1284 1139 1358 iisdem
1161 1285 1334 1389 aliqnan-

247 1386 297 1458 do
314 1381 461 1457 aedibus
478 1406 597 1454 secum
615 1382 754 1473 viumt,
778 1393 818 1452 ut
838 1407 919 1454 cum
937 1387 1044 1486 Ajace
1059 1385 1276 1486 Lycophrona
1294 1391 1333 1465 ⁵.

249 1481 457 1556 Generatim
470 1480 575 1579 igitur
592 1487 754 1580 θεράποντες
768 1491 852 1552 sunt
863 1491 962 1563 πάντες
976 1493 999 1554 α’
1018 1489 1217 1578 depravatu&
1234 1488 1333 1582 ἔχω-

246 1611 292 1664 τες
308 1581 359 1672 4,
390 1581 485 1682 iique
522 1603 596 1652 non
636 1577 767 1652 liberae
798 1591 935 1649 tantum
969 1579 1214 1655 conditionis⁵
1255 1589 1334 1662 sed

248 1677 343 1778 regia
371 1679 511 1777 saepius
535 1679 646 1778 stirpe
676 1674 815 1750 oriundi
832 1676 861 1748 ⁶.
917 1676 974 1750 Ad
1002 1703 1127 1751 currus
1152 1681 1332 1780 inprimis

247 1775 500 1865 instruendos,
526 1774 737 1874 jungendos,
762 1772 932 1873 regendos
948 1776 1069 1850 amicis
1079 1775 1223 1871 adsunt,
1251 1783 1332 1854 ita-

249 1902 321 1975 que
345 1887 462 1971 ἡνιόχων
494 1901 524 1948 s.
549 1885 703 1973 ὑφηνιόχων
736 1874 860 1946 officiis
893 1874 1003 1946 functi
1033 1875 1073 1947 in
1090 1875 1212 1951 eodem
1229 1905 1329 1955 cum

249 1975 336 2074 lpsis
358 1999 465 2046 curru
489 1973 653 2057 adstant,
677 1969 732 2046 ael
760 1981 869 2054 ὁπάοιτς
895 1971 1087 2046 amicornm
1113 2002 1209 2048 arma
1231 2003 1331 2080 por-

245 2085 343 2163 tant,
366 2085 408 2144 ut
432 2069 615 2146 Idomenei
639 2069 814 2143 Meriones
830 2083 860 2140 ⁷.
911 2071 1034 2143 Plures
1061 2097 1331 2176 nonnunquam

247 2179 412 2272 &manee
430 2171 470 2244 in
494 2197 564 2242 una
577 2166 686 2244 domo
706 2168 957 2261 inveniuntur,
982 2174 1044 2270 qul
1065 2171 1327 2271 familiaribus,

249 2284 419 2370 quantum
445 2279 615 2368 possunt,
656 2291 800 2368 operam
822 2281 1019 2362 praestent,
1035 2269 1083 2340 in
1113 2269 1326 2352 domesticis

249 2369 355 2440 etiam
378 2365 503 2454 rebus,
527 2379 568 2438 ut
594 2366 634 2438 in
658 2387 767 2436 coena
799 2363 944 2462 aliisque
960 2365 993 2436 ⁸:
1070 2393 1108 2439 ae
1131 2373 1247 2445 omnia
1276 2401 1328 2452 ex

250 2463 403 2566 simplici
425 2464 574 2537 heroum
596 2463 685 2538 ritae
711 2460 846 2537 ratione
869 2475 1014 2562 repeten
1040 2489 1059 2536 a
1084 2481 1169 2540 sunt
1195 2485 1229 2544 et
1259 2501 1327 2546 ne-

248 2562 432 2638 estimanda.

297 2661 331 2758 §.
356 2687 391 2732 a.
441 2663 616 2756 Θεράπωτες
640 2659 797 2758 quamvis
820 2655 931 2730 iidem
948 2685 1052 2762 saepe
1076 2664 1149 2738 sint
1170 2667 1229 2768 qni
1250 2675 1328 2756 Κή-

249 2793 331 2862 pag
347 2775 385 2848 9,
409 2757 618 2831 nominatim
644 2769 763 2828 tamen
784 2755 927 2855 singulis
944 2774 1045 2833 erant
1067 2760 1233 2842 heroibus
1254 2771 1326 2846 ad·

159 2843 169 2860 ’
250 2859 337 2932 dicti
353 2881 421 2930 nec
438 2856 564 2948 inviti3
591 2855 630 2930 hi
656 2855 799 2929 veroin
826 2854 1008 2955 publicum
1030 2864 1218 2963 praecipue
1246 2870 1324 2944 mi.

249 2956 433 3031 misterium
457 2953 629 3046 adhibiti,
652 2967 710 3042 et,
735 2950 804 3026 ubl
818 2954 857 3028 in
879 2977 918 3026 re
937 2955 1072 3054 privata
1090 2961 1232 3060 singulis
1253 2967 1326 3040 oh.

250 3067 467 3158 sequuntur,
490 3053 697 3134 conductitii
718 3065 821 3146 sunt,
845 3061 879 3124 ἑκ
896 3056 987 3150 δάμω
1009 3057 1150 3134 oriundi
1167 3081 1211 3139 ²⁰.
1267 3067 1322 3141 In

1245 3187 1325 3264 ΡΠ·

287 3368 384 3438 ι)οδ.
405 3369 512 3439 Il,1¹.
599 3371 629 3437 ι)
645 3371 707 3426 Vid.
728 3368 763 3424 n.
781 3368 857 3438 m,
873 3371 924 3425 alo
945 3387 1019 3443 seqq·
1040 3371 1142 3444 XXIII,
1160 3395 1207 3432 ru
1222 3421 1231 3446 ,
1248 3383 1323 3454 213,

254 3455 321 3522 nl,
337 3455 450 3508 saecu,
534 3447 909 3522 slviu.1txv‚4uoseq.
991 3453 1022 3522 4)
1039 3454 1082 3510 Ita
1101 3457 1189 3528 Apoll.
1206 3461 1268 3518 Iu
1291 3479 1325 3522 ις

251 3535 366 3606 mynol
391 3534 430 3592 Ill.
514 3533 545 3600 ὃ)
565 3532 625 3590 vit.
643 3531 766 3590 litent
789 3533 809 3588 l·
848 3531 890 3590 CI.
911 3533 1004 3592 Schol.
1028 3535 1061 3594 Β.
1082 3551 1110 3593 et
1128 3543 1208 3596 ceteri
1225 3543 1258 3596 al
1283 3545 1321 3606 Il,

251 3617 326 3686 xlx,
350 3619 408 3673 145.
495 3615 525 3684 6)
543 3607 580 3668 Ut
595 3633 625 3668 ex
642 3615 757 3670 laudatis
773 3614 960 3686 laudandisque
982 3617 1045 3672 locis
1067 3633 1151 3690 patet.
1235 3625 1264 3696 7)
1284 3627 1321 3688 Π,

251 3699 335 3767 vm,
351 3701 412 3756 263.
433 3699 508 3770 apat
521 3698 656 3756 Cretum
674 3701 807 3768 θεράπων
822 3709 862 3752 est
876 3699 999 3768 armiger.
1033 3700 1092 3757 rit
1109 3701 1216 3761 Mellae.
1232 3707 1321 3778 ΟΜ.

251 3783 304 3836 vol.
326 3781 376 3838 lll.
402 3801 428 3854 p.
451 3785 494 3836 58.
586 3779 616 3848 8)
635 3781 673 3835 Ut
692 3779 742 3836 Od.
764 3777 821 3849 Ill,
837 3783 873 3835 23
887 3797 959 3850 seqq.
984 3779 1018 3836 cl.
1042 3800 1081 3836 vs·
1096 3787 1139 3842 58.
1159 3787 1194 3839 ad
1210 3807 1237 3860 q.
1261 3791 1323 3848 rid.

254 3861 389 3935 llitasclr„
405 3865 447 3918 tui
468 3863 583 3936 plurima
599 3863 732 3918 dehemus.
766 3861 807 3920 Cf.
823 3863 907 3931 Hera.
927 3859 989 3921 Var.
1009 3863 1093 3919 Lectt·
1114 3879 1141 3922 et
1155 3867 1262 3932 Obren.
1284 3873 1321 3926 ael

254 3943 288 4002 ll.
305 3944 340 3996 lll
351 3987 359 4014 ,
378 3951 418 4002 ιι.
488 3945 518 4020 9)
536 3940 645 4015 rien.
662 3945 696 4016 I,
712 3947 771 4002 521.
788 3945 836 4001 or.
850 3943 880 4014 I,
898 3945 948 4000 106
964 3960 1037 4016 seqq.
1062 3947 1168 4020 XVIII,
1184 3937 1321 4025 apraeqq.

256 4025 302 4092 ιο)
320 4025 359 4080 lo
383 4027 498 4082 Nituch·
522 4027 556 4082 ad
578 4025 677 4108 0d.·I,
695 4045 754 4098 109·
787 4020 919 4086 Peterin
943 4023 1010 4086 illud
1030 4027 1155 4104 probatur
1170 4033 1224 4094 (Μ.
1240 4033 1322 4110 XIX,

257 4105 316 4166 155.
352 4105 393 4165 CI.
412 4107 526 4180 Horeb.
545 4111 574 4165 in
591 4128 617 4170 r.
631 4111 755 4181 κήρυκος.
864 4103 869 4110 ’
892 4103 897 4112 ’
