2828 4986
89 651 967 781 ANTIQUITATIS

32 957 93 1069 H
171 951 226 1068 Ο
300 953 366 1069 Μ
433 953 479 1066 Ε
549 949 605 1066 R
664 951 805 1071 Η]
873 955 931 1074 A
993 961 1042 1074 E

190 1229 891 1322 L1BERPR1MUS.

262 1569 813 1598 *mmo-u-

217 1817 474 1892 CAPUT
529 1819 852 1906 PRIMUM.

178 2056 230 2103 DE
255 2056 350 2104 nus
382 2053 593 2105 VETERUM
626 2057 905 2112 GRAECORUH.

48 2307 76 2404 ξ.
107 2338 142 2383 1.
199 2267 246 2382 P
247 2307 417 2380 riscorum
440 2307 656 2384 Graecorum
687 2334 803 2382 mores
831 2323 869 2383 et
897 2307 1073 2400 institute,

12 2431 79 2476 rum
107 2403 344 2510 publicatum
365 2409 519 2506 privata,
546 2435 643 2482 sacra
659 2407 810 2497 seilicet,
835 2404 979 2493 civilia,
1005 2405 1074 2480 mi·

13 2503 113 2576 ituria
145 2519 179 2577 et
202 2506 394 2591 domestico¹
418 2505 574 2578 Homero
601 2505 689 2579 duce
719 2503 953 2606 descripturi,
977 2527 997 2576 a
1026 2531 1077 2578 ea·

13 2605 72 2674 eris
98 2603 263 2676 ordinem
291 2601 485 2693 ducemuS,
504 2601 634 2676 ¹notura
666 2607 792 2705 cuique
820 2615 1011 2706 praeeunte
1033 2600 1099 2676 ac'

13 2699 179 2792 dictante,
199 2701 397 2802 principem
421 2703 580 2775 omniurn
597 2729 671 2776 esse
695 2703 837 2792 Deum,
859 2717 895 2775 et
913 2726 997 2802 prae
1015 2725 1076 2772 ce·
1156 2713 1158 2718 ’

14 2803 84 2876 teris
97 2799 374 2900 respiciendum.
413 2799 519 2892 Quod
540 2825 582 2872 eo
602 2803 714 2900 magis
732 2801 780 2874 ita
793 2828 913 2877 sumus
931 2799 1080 2890 facturi,

14 2901 81 2998 quia
96 2899 206 3000 prisci
217 2897 266 2972 iili
286 2897 413 2972 Graeci
436 2897 593 2998 religiose
612 2901 766 2974 numinis
780 2899 1001 2972 veneratione
1022 2897 1079 2969 ni·

15 2995 57 3070 hil
76 2999 176 3098 prius
200 2997 417 3097 antiquiusve
434 2997 658 3094 ¹habuerunt.
707 2998 781 3096 Ipsi
817 2999 913 3094 enim
937 3022 957 3067 a
982 2995 1078 3068 Deo·

15 3119 81 3168 mm
103 3094 285 3170 voluntate
316 3096 434 3168 omnia
463 3093 642 3194 pendere,
680 3109 717 3168 et
751 3119 980 3194 quaecunque
999 3095 1076 3168 eive

16 3217 178 3296 prospera
206 3195 278 3268 sive
317 3191 463 3266 adverse
500 3208 663 3292 agerent,
699 3195 888 3266 numinum
919 3191 975 3265 vel
1010 3191 1078 3266 ini·

17 3297 141 3392 quitete
160 3291 215 3364 vei
227 3289 464 3366 benivolentia
476 3291 633 3366 accidere
654 3306 832 3392 putarunt.
870 3289 976 3384 Quod
993 3315 1077 3364 cum

17 3393 72 3465 eibi
95 3415 301 3494 persuasum
329 3387 518 3477 haberent,
545 3387 630 3490 quid
650 3392 796 3479 mirum,
821 3391 850 3463 si
875 3419 894 3464 a
918 3388 1077 3462 Deorum

18 3493 136 3566 auxilio
166 3485 388 3588 implorando
416 3489 533 3562 omnia
567 3489 733 3590 auspicati
761 3504 857 3565 sunt.
906 3487 1024 3589 ltaque
1055 3513 1076 3558 a

19 3589 165 3666 Deorum
200 3585 299 3660 cultu
335 3585 544 3660 Homericae
581 3587 795 3690 antiquitatis
825 3585 966 3662 initium
999 3590 1077 3689 jure

21 3689 108 3764 robis
129 3687 246 3760 facere
265 3681 435 3759 videmur.

57 3788 85 3886 §.
111 3813 167 3892 2..
198 3783 335 3858 Primis'
345 3783 586 3886 temporibus,
614 3795 702 3858 teste
730 3780 912 3860 Herodoto
931 3797 965 3868 ²,
998 3803 1080 3894 pro·

995 3901 1080 3949 mre·

49 4091 77 4162 ¹)
90 4093 162 4151 Ηῦῑ-
187 4091 218 4154 L.
231 4091 267 4154 Π.
286 4111 309 4148 e·
326 4095 429 4166 52‚53.
465 4091 506 4149 De
531 4091 623 4166 primis
645 4093 805 4152 Graecorum
820 4085 975 4174 Theolo5iee
987 4087 1079 4184 ‘origia

733 4180 765 4248 A
1037 4189 1082 4224 nr-
