2828 4986
235 248 299 304 m
542 217 1042 298 Puoouututr:
1126 235 1133 253 '

245 451 269 492 ιι
295 442 371 492 rem
395 411 544 516 (quidni
568 425 604 484 ct
626 413 813 513 Latinam)
834 415 994 518 linguam
1012 419 1120 492 resti:
1148 415 1211 492 sed
1236 417 1315 510 ite,
1395 413 1396 424 ³

245 567 269 608 ιι
297 548 336 608 ut
354 544 475 634 pereat
494 556 599 604 omne
617 532 782 606 orationis
800 532 922 608 lumen
945 548 983 608 et
1000 559 1168 626 acumen,
1192 538 1321 612 omnis

246 635 276 728 a·
296 649 437 724 affectus
464 672 653 754 sensusque
678 649 866 745 dictionis,
889 651 1007 730 omnis
1033 655 1162 753 gratiae
1185 679 1319 728 renus·

246 801 271 846 ιι
270 769 447 879 latisque
474 765 559 861 flos,
590 795 679 871 quae
703 773 820 846 omnia
849 767 996 868 singulis
1018 770 1139 846 verbis
1164 786 1201 845 et
1221 799 1318 847 con·

248 919 271 957 u
298 888 488 962 structione
519 888 746 962 continentur
770 913 838 966 nec
865 885 966 960 alia'
954 913 995 966 ιιι
1023 884 1147 988 lingua
1176 891 1319 990 pariter

249 1034 273 1074 ιι
299 1000 450 1140 exprimi
472 1015 639 1103 Ροιειιιιῑι
673 1003 781 1078 veluti
812 1029 856 1084 ex
879 1031 1004 1104 magno
1025 1003 1209 1084 intervallo
1235 1006 1321 1106 pui-

250 1157 273 1197 ιι
301 1123 352 1196 cri
378 1123 531 1221 corporis
561 1146 635 1200 nou
666 1119 736 1196 nisi
762 1123 962 1202 universam
994 1121 1122 1198 faciem
1149 1126 1325 1208 extremis

254 1239 278 1314 ι’
303 1238 398 1346 quasi
425 1238 525 1312 lineis
557 1240 771 1340 designatam
805 1239 983 1318 videmus:
1014 1239 1209 1344 peculiares
1231 1240 1323 1344 pul·

256 1391 279 1432 s
305 1355 488 1438 critudinis
515 1371 652 1462 portes,
678 1385 737 1452 os,
765 1359 900 1454 oculos,
919 1357 1101 1456 obtutum,
1124 1356 1327 1434 lineamen-

257 1509 280 1550 ιι
307 1492 366 1568 ta,
392 1475 545 1568 vultum,
570 1477 745 1570 colorem,
770 1479 881 1554 animi
905 1501 1116 1578 mommque
1144 1477 1327 1575 siguifica-

257 1631 283 1676 ιι
308 1597 440 1670 tionem
460 1621 533 1670 non
551 1593 723 1670 ridemus.
761 1578 894 1699 ¹Neque
914 1594 1003 1669 adeo
1019 1593 1109 1668 iacta
1127 1593 1203 1694 ipsa
1222 1607 1329 1670 recte

258 1745 283 1786 u
308 1712 501 1812 intelligere
533 1737 717 1814 possumus
749 1713 826 1788 sine
860 1713 1059 1812 cognitione
1091 1714 1326 1816 opinionum,

256 1864 282 1908 ιι
309 1832 566 1920 institutorum,
590 1858 755 1924 morum,
781 1829 939 1906 omnium
962 1831 1107 1906 omnino
1133 1857 1256 1906 rerum
1278 1828 1326 1904 il-

260 1983 284 2025 ιι
311 1949 380 2024 lius
396 1943 554 2026 aetatis.”
599 1951 648 2024 Et
665 1951 712 2023 ita
729 1962 845 2026 cetera
863 1949 1054 2024 verissime.
1101 1947 1241 2041 Quibus
1263 1972 1328 2022 re·

263 2067 419 2147 tionibus
444 2067 532 2146 moti
561 2065 884 2170 discipulorumque
912 2057 1002 2142 adeo
1033 2065 1185 2164 gratias
1217 2065 1331 2138 latina

266 2189 411 2262 Homeri
433 2199 468 2258 et
493 2184 762 2276 Scholiastarum
785 2186 872 2284 (qui
892 2181 1077 2266 intellectu
1093 2182 1168 2263 iem
1194 2181 1334 2260 facilio-

266 2331 324 2383 res
345 2299 453 2400 sunt)
476 2302 634 2376 versione
655 2300 901 2376 abstinuimus.

318 2421 360 2494 In
382 2445 424 2491 eo
450 2433 628 2522 praeterea
652 2445 672 2494 a
695 2419 896 2492 staberium
923 2413 1057 2492 Feitlrii
1087 2417 1243 2492 editione
1266 2418 1333 2494 de·

268 2537 450 2628 fleximus,
473 2550 514 2610 ut
536 2551 794 2639 segmentorum
819 2537 999 2613 minorum
1018 2532 1183 2613 ordinem
1209 2550 1246 2610 et
1273 2561 1333 2614 ar.

269 2668 493 2756 gumentum,
516 2679 612 2762 ιιοιι,
632 2669 675 2761 ut
696 2654 775 2748 itte,
799 2651 839 2728 in
862 2657 937 2754 ips'a
962 2655 1118 2754 capitum
1143 2653 1260 2733 fiunto
1285 2657 1336 2732 si·

272 2773 434 2874 gnificnta
462 2751 1095 2857 exliiberemus1.Totiusseilioet
1115 2771 1230 2873 operis
1252 2799 1335 2873 pru·

275 2905 435 2998 spectum
474 2891 557 2966 huic
598 2889 742 2968 editioni
776 2891 1020 2992 praefiximus;
1060 2892 1123 2990 qai
1156 2889 1337 3028 duplicem

276 3035 377 3084 usum
396 3021 603 3110 praestaret:
628 3035 740 3081 unum
759 2995 967 3100 lectoribus,
985 3021 1025 3079 ut
1045 3034 1118 3080 uno
1133 3011 1232 3112 quasi
1255 3035 1334 3084 ocu
1395 3035 1396 3044 ¹

277 3125 393 3198 lorum
423 3125 549 3198 obtutu
567 3128 833 3226 conspicerent,
857 3151 947 3228 quae
975 3124 1133 3228 pluribus
1161 3131 1336 3204 enarrari·

278 3271 377 3317 mus:
402 3245 547 3317 alterum
562 3271 645 3320 vero
666 3247 733 3352 ipsi
751 3245 834 3320 huic
851 3245 965 3347 operi,
990 3271 1037 3322 ne
1055 3247 1198 3348 copioso
1216 3271 1334 3320 rerum

279 3361 396 3436 indice
430 3361 654 3464 adjungendo
693 3363 732 3437 iu
766 3364 915 3456 nimime
952 3363 1083 3445 molem
1116 3379 1335 3441 excresceret.

1269 3484 1339 3557 Aii-

322 3667 357 3748 t)
377 3667 466 3743 Quod
483 3689 540 3730 nec
553 3673 587 3732 in
599 3671 699 3754 prima
710 3691 758 3734 an.
776 3668 831 3734 167
836 3669 852 3733 7
875 3671 948 3736 edit.
962 3669 1078 3736 iactum
1091 3670 1245 3744 sidium,
1264 3690 1340 3752 qnae

282 3771 365 3848 omni
379 3772 495 3856 qnippe
510 3774 611 3842 iudica
631 3783 725 3835 caret.
764 3771 948 3853 implicem,
966 3775 1099 3836 alterurn
1115 3795 1217 3836 samm
1233 3780 1264 3832 ct
1276 3793 1340 3832 oar-

282 3867 407 3944 borum,
434 3873 567 3938 alterum
585 3873 760 3940 Aurum
788 3875 922 3942 iudicem
949 3897 1021 3938 ιιιιιιι
1043 3877 1116 3986 edit.
1146 3875 1197 3950 adi
1199 3877 1258 3936 coit
1276 3873 1339 3936 Sto-

284 3971 388 4033 herus.
