2828 4986
407 285 838 372 honestes
1108 329 1151 382 rr

70 503 264 595 aesopum
300 487 509 566 asennaa
568 489 626 569 Ex
657 487 723 564 hoo
759 487 865 588 igtur
906 489 1084 593 spallens
1112 512 1157 576 at

71 589 274 670 Artemide
298 589 336 668 in
355 587 554 663 mortalium
572 592 681 664 vitam
700 600 871 688 potestate
887 591 1157 692 explicandum,

72 690 211 792 quodq
226 689 287 788 qui
308 690 483 762 moestitia
501 701 537 758 et
548 685 802 762 calamitatibus
822 690 906 764 victi
923 691 988 764 sibi
1009 710 1160 772 mortem

76 801 274 889 exoptant,
300 789 417 863 aliisve
436 786 517 861 odio
539 786 675 860 incitati
694 787 878 861 interitum
899 790 1158 890 imprecantur,

76 890 252 990 Ipsorum
271 887 439 962 auxilium
460 885 624 985 precibus
649 883 835 985 implorare
856 885 991 962 soleant
1006 909 1037 966 ².

482 1177 818 1210 ——-=*--.

273 1362 982 1484 capus'rnnrrum

256 1621 305 1666 on
331 1615 454 1666 noers
478 1615 628 1666 sacars
654 1591 706 1664 ar
731 1617 1010 1672 srnunacars.

140 1855 175 1940 5.
207 1855 236 1918 ι’.
286 1805 379 1920 Ubi
408 1843 468 1942 pio
488 1841 582 1919 Deos
618 1839 723 1916 cultuv
746 1857 1060 1947 prosequerentur,
1086 1847 1165 1930 loca

87 1945 275 2044 aprofano
300 1970 367 2017 usu
392 1955 548 2042 separata
574 1939 700 2040 primis
736 1945 807 2042 jam
836 1943 1055 2045 temporibus
1086 1949 1166 2050 eligi

86 2056 329 2144 coaptasum,
354 2065 443 2144 quae
466 2064 532 2141 pro
546 2041 642 2111 vario
662 2041 820 2140 ipsorum
834 2043 1022 2126 hominum
1043 2047 1167 2142 cultu,

87 2143 187 2216 vitae
204 2143 339 2214 ratione
351 2154 455 2242 atque
467 2137 625 2227 aedium,
651 2135 829 2238 inquibus
851 2139 922 2241 ipsi
936 2141 1167 2240 habitabant,

83 2241 226 2335 forma,
253 2239 389 2314 diversa
410 2237 517 2309 etiam
534 2236 689 2309 fuerunt.
739 2236 916 2312 Altiorum
936 2255 1054 2314 antem
1073 2243 1168 2320 loco·

88 2367 194 2432 rum,
230 2339 402 2411 montium
435 2333 664 2435 praesertim,
689 2333 979 2410 inhabitationem
1006 2339 1169 2417 adamare

88 2439 204 2526 Deos,
229 2462 272 2510 ex
297 2432 493 2510 eorundem
507 2433 684 2534 superiora
705 2435 899 2508 amantium
917 2449 1042 2513 natura
1057 2443 1170 2545 conji-

88 2536 252 2624 ciebant,
276 2561 347 2638 qno
379 2535 529 2620 factum,
554 2543 596 2602 ut
622 2530 706 2605 dein
724 2534 786 2630 qui
818 2533 923 2608 urbes
943 2535 1169 2630 babitabant,

19 2679 23 2688 ·
92 2661 155 2708 eas
176 2636 280 2708 etiarn
293 2629 501 2708 numinibus
518 2644 762 2704 consecrarent
775 2629 914 2704 sedium
934 2659 1076 2710 suarum
1087 2664 1171 2737 par-

91 2749 167 2822 tes,
191 2760 280 2835 quae
311 2731 436 2809 ceteris
454 2729 664 2804 eminerent.
718 2729 865 2803 Homeri
888 2745 999 2806 aetate
1028 2736 1173 2810 Graecis

93 2833 165 2905 tria
184 2833 405 2932 potissimum
434 2827 512 2902 loca
539 2839 639 2902 erant
671 2824 782 2902 cultui
808 2827 928 2904 divino
949 2849 1172 2927 consecrata,

95 2929 146 3004 de
170 2929 298 3034 quibus
314 2927 502 3002 videamus.

145 3029 177 3128 ἕ.
205 3056 239 3104 2.
289 3029 449 3102 Primum
469 3035 588 3100 certae
609 3050 769 3123 agrorum
795 3025 972 3126 portiones
994 3030 1073 3104 Diis
1092 3031 1170 3105 sue·

92 3142 181 3204 runt
199 3129 350 3219 dicatae,
376 3153 463 3228 quae
483 3137 603 3220 τεμένη,
629 3123 728 3224 quasi
752 3138 930 3220 τετμημένα,
951 3127 997 3202 ab
1015 3123 1172 3205 Homero'

97 3227 288 3319 dicuntur,
322 3227 501 3300 communi
525 3249 594 3296 usu
624 3236 802 3314 exemere,
835 3251 893 3298 ara
918 3225 991 3300 sere
1015 3229 1171 3328 insignes

97 3339 134 3398 et
160 3339 262 3427 septo
290 3323 462 3427 areliqua
491 3322 563 3424 agri
582 3333 682 3422 parte
714 3336 889 3418 separatae
906 3325 935 3399 5.
984 3326 1069 3400 Tale
1101 3329 1173 3401 De·

96 3429 220 3498 metris
244 3450 307 3526 pro
334 3449 353 3496 e
380 3424 557 3523 Phylacen
594 3431 703 3514 τέμενος
735 3419 857 3494 fuist:
896 3423 959 3496 Zei
990 3426 1029 3498 in
1053 3440 1173 3498 monte

98 3521 164 3600 Ida
180 3525 218 3598 ⁵:
245 3451 462 3624 Apiirodites
491 3519 639 3622 Paphi6
671 3532 708 3593 et
726 3519 887 3620 Sperchii
910 3520 1007 3597 fluvii
1027 3522 1073 3598 ad
1094 3526 1173 3598 son·

547 3629 550 3637 ’
926 3651 929 3658 ·
1121 3637 1174 3698 tes

134 3783 165 3853 ι)
183 3782 234 3840 Oti.
248 3783 374 3855 nuso
392 3781 449 3838 m
460 3825 468 3852 ,
480 3801 522 3854 7¹·
540 3792 567 3836 et
579 3799 646 3852 quae
663 3779 738 3850 plura
753 3781 818 3838 citat
834 3779 939 3836 Nitascb
955 3780 1174 3856 aaot.11,595.

101 3877 128 3918 et
145 3865 205 3936 111,
222 3887 282 3940 ²79·
349 3867 378 3936 α)
398 3867 460 3924 vta.
476 3863 525 3922 Od.
543 3865 775 3935 xv11,251,494.
792 3863 851 3934 tt,
867 3867 910 3920 8ο.
928 3862 1003 3918 aiibi.
1069 3865 1099 3933 ὅ)
1120 3871 1176 3920 Te.

103 3948 172 4016 μόνη
185 3949 306 4015 universa
319 3962 411 4005 notant
425 3949 505 4006 etiam
523 3946 656 4019 quaelibet
674 3946 732 4000 loca
749 3947 881 4000 communi
896 3963 943 3998 uso
960 3960 1079 4020 ments,
1096 3961 1176 4020 atquo

102 4027 180 4100 Diis,
202 4031 323 4104 regibus,
346 4029 469 4090 heroibus
494 4031 601 4084 honoris
624 4047 684 4099 ergo
706 4039 866 4084 consecrata.
900 4027 961 4086 Vid.
979 4029 1067 4090 Schol,
1085 4031 1117 4086 ad
1136 4029 1174 4086 Il.

103 4107 224 4184 11,696.
266 4113 306 4172 ct.
331 4115 402 4173 idom
421 4113 453 4169 ad
471 4113 508 4170 Il.
525 4108 628 4174 tvm,
645 4113 696 4166 550
722 4123 748 4165 et
771 4107 917 4180 Hesychius
933 4112 961 4168 in
977 4129 1003 4172 s.
1090 4115 1120 4182 t)
1138 4109 1174 4168 Ii.

104 4188 146 4263 Π,
163 4197 223 4265 696.
312 4197 342 4268 5)
362 4201 394 4257 Il.
412 4195 487 4266 VHI,
504 4198 546 4253 ts.
648 4192 678 4265 6)
696 4193 745 4250 od.
764 4191 845 4262 tm,
862 4193 920 4252 563.
