2828 4986
362 337 530 398 oaeats
564 320 889 389 constectus.
1067 347 1156 391 xxxta

151 537 159 550 ·
177 513 205 580 ς.
225 513 250 576 3'.
283 509 324 562 De
339 505 423 570 malo,
441 498 751 571 latoidumtapoadaoac,
769 495 849 562 veiis,
865 492 1080 567 atdoadmapip,

139 597 280 665 ὒπὲραις,
310 591 432 662 ornique
457 605 496 644 s.‘
512 589 625 658 aeolicae,
659 587 814 653 ariolator,
844 580 939 642 ὅπλοις
963 584 1036 651 νηῶν
1059 599 1087 640 et

138 683 325 757 πρυμνησίων
326 700 950 735 .......
1017 685 1073 736 pag.
1093 687 1152 736 312,

176 773 202 835 S.
220 789 245 836 4.
279 773 320 822 De
337 771 383 831 iis,
400 779 464 828 quae
481 775 612 828 antequam
627 761 690 813 mati
706 775 732 810 se
744 755 944 814 committerent,
955 753 1088 803 observata

140 871 202 910 esse
224 857 374 912 videantur,
393 865 418 901 et
433 861 554 900 astrorum
573 853 598 898 in
618 845 757 904 navigando
776 843 961 893 observatione.
1048 873 1058 894 ,
1089 853 1147 904 ³¹3·

178 937 203 1000 ς.
221 951 245 1001 5.
281 934 345 983 Cum
365 933 491 993 feliciter,
512 947 562 994 quo
584 933 736 988 tendebant,
753 919 1023 988 peruenissent,veiia
1042 933 1085 972 so·
1148 935 1185 964 ιι,

141 1021 205 1073 lutis
216 1031 242 1070 et
255 1015 383 1076 collectis,
393 1016 482 1064 tnalutn
495 1015 518 1062 in
536 1011 686 1076 inradians
701 1008 883 1059 demittebant:
901 1015 990 1054 navem
1005 1005 1083 1068 ipsam

74 1123 79 1136 ·
141 1099 282 1172 dionides,
301 1099 383 1158 triade
398 1096 546 1165 ἐξέβαλον,
560 1113 586 1150 et
613 1091 791 1163 rapupaapoioac
806 1101 893 1143 navem
919 1085 944 1136 in
961 1086 1032 1138 litore
1043 1085 1086 1136 stt.

142 1197 254 1245 mebant.
288 1193 328 1242 De
343 1191 450 1241 vocibus
471 1183 664 1256 ὃρμος,λομρν
681 1196 707 1232 et
723 1177 830 1242 λιιιένις
852 1169 973 1237 εὔορμον.
1050 1184 1060 1224 l
1090 1183 1148 1235 314.

177 1277 241 1342 56.
283 1275 335 1326 Ubi
356 1273 380 1321 itt
401 1278 488 1326 eodem
514 1279 570 1342 locu
591 1273 684 1324 diutius
712 1258 889 1318 commoraturi
909 1267 997 1318 aaut,
1023 1255 1083 1305 tub·

140 1363 227 1413 ductis
236 1359 340 1409 navibus
357 1347 465 1424 ἕρματα
484 1357 575 1428 μακρὰ
587 1355 783 1408 introeuntes
800 1360 845 1409 et,
860 1355 912 1407 quo
929 1340 1028 1393 facilius
1041 1353 1088 1390 na·

141 1458 191 1499 ves
214 1444 382 1494 subducerent
406 1457 436 1494 ac
458 1445 629 1510 deducerent,
658 1444 750 1496 fossam
779 1430 926 1488 tollebant,
949 1435 999 1487 qua
1022 1433 1089 1477 rates

143 1527 286 1578 traherent.
409 1521 440 1577 .“
518 1537 1061 1581 ......
1094 1523 1155 1574 ³¹5·

180 1612 205 1675 §-
218 1625 246 1676 7.
279 1609 420 1662 stationem
446 1614 557 1667 relicturi
576 1616 619 1668 vei
640 1615 717 1666 domo
737 1599 875 1672 profecturi
891 1587 1000 1665 ἕρματα
1014 1595 1091 1649 tolie·

143 1699 226 1757 bant,
237 1695 263 1746 in
278 1709 344 1746 mare
360 1707 447 1743 navem
458 1695 630 1760 deducebant,
641 1709 723 1749 retnos
741 1691 847 1759 elaten
862 1685 1047 1749 immittebant,
1063 1691 1090 1732 et

143 1793 225 1832 ratem
243 1779 320 1843 ipsam
346 1777 421 1838 ducti
441 1779 470 1829 ie
484 1781 567 1846 νοτίῳ
591 1777 721 1849 iippabaa.
767 1782 811 1831 Sin
828 1781 891 1828 vero
914 1779 1003 1818 navem
1023 1762 1089 1814 baud

146 1863 331 1930 subduxerant,
341 1861 423 1924 εὐνάς
439 1867 573 1930 tollebant,
584 1867 730 1918 retinaculis
742 1864 852 1927 solutis,
863 1849 1010 1925 πρυμνήσι’
1024 1845 1091 1902 Ην·

147 1961 201 1999 σον
216 1951 331 2014 maloque
351 1965 437 2004 erecto
451 1947 507 2002 v'cit
526 1949 669 2015 alligabant.
732 1981 742 2000 .
827 1965 849 1997 ··
946 1976 956 1997 .
1054 1971 1064 1992 ο
1096 1934 1155 2004 ³1⁶·

73 2039 173 2102 Caput
188 2034 235 2089 tlt.
269 2039 307 2089 De
324 2037 393 2089 urbis
408 2033 500 2096 Troiae
515 2033 563 2085 situ
582 2045 608 2085 et
623 2031 798 2094 munimentis,
815 2029 969 2082 Graecorum
988 2023 1093 2088 asnis,

115 2123 250 2188 tentoriis,
267 2125 379 2175 excubiis
397 2133 471 2184 atque
489 2119 697 2182 exploratoribus.

81 2219 86 2226 ’
178 2210 246 2266 §.n
280 2209 320 2258 De
340 2209 389 2271 iis,
414 2221 477 2270 quae
499 2205 638 2268 antiquitus
661 2201 764 2264 primam
794 2196 866 2246 urbes
885 2195 1016 2248 moenibus
1035 2205 1091 2244 mu·

148 2291 253 2343 miendo
265 2301 348 2338 ansam
359 2291 533 2351 praebuerunt.
567 2287 607 2336 De
624 2285 706 2344 valio,
723 2283 791 2348 quod
808 2285 903 2345 τεῖχος
916 2280 981 2330 dixit
994 2279 1090 2328 liome·

149 2389 213 2439 rus,
230 2373 331 2441 ἀνιῶσι
347 2375 521 2434 distincto,et
532 2369 661 2426 turribus,
676 2365 766 2430 quibus
782 2363 908 2422 laodiceae
922 2366 1038 2424 inerunt,
1053 2359 1093 2409 in·

151 2473 277 2526 tetcepto.
311 2464 341 2513 ln
363 2461 423 2512 urbe
442 2457 493 2521 ipsa
512 2454 637 2507 eminebat
654 2451 802 2516 Pergamus,
820 2455 894 2515 inque
910 2446 1000 2501 ceteris
1013 2441 1093 2507 portia

146 2549 353 2614 insigmaletane
373 2555 461 2610 portae
479 2543 590 2600 Scaeae,
608 2535 697 2601 quibus
715 2536 741 2586 in
758 2551 871 2600 campum
886 2535 1003 2586 Troicum
1021 2541 1047 2581 et
1060 2526 1092 2579 ad
1143 2563 1146 2572 .

153 2631 309 2681 Graecorum
330 2639 411 2679 castra
422 2625 505 2678 exitus
518 2623 627 2686 patebat.
654 2621 694 2673 De
705 2618 968 2691 nuiaupote,monte
977 2615 1037 2678 lde,
1053 2611 1095 2663 Sl·

152 2727 254 2768 moente
279 2725 305 2766 et
323 2711 474 2764 Scamandro
491 2723 512 2759 s.
530 2707 648 2768 Xantho,
667 2722 772 2772 quorum
784 2713 846 2762 aiter
864 2722 879 2760 a
895 2707 998 2764 deant,
1018 2714 1032 2751 a
1052 2699 1089 2751 si·

149 2801 228 2851 nistra
247 2811 301 2862 par.
340 2797 399 2846 uitet
419 2803 532 2854 campum
551 2787 685 2862 'ijrojanum
703 2805 809 2857 secnnt,
831 2794 910 2845 undas
928 2799 1008 2854 propo
1026 2801 1093 2840 mare

152 2885 261 2936 miscent
279 2892 306 2934 et
319 2875 444 2928 communi
465 2873 537 2928 tineo
551 2871 576 2922 in
592 2869 780 2934 Hellespontum
800 2889 943 2928 excurrunt.
976 2877 1014 2926 De
1034 2889 1093 2937 pro·

118 2957 127 2982 ⁸
153 2963 283 3016 montorio
311 2962 429 3011 Rhoeteo
460 2968 485 3007 et
510 2955 602 3017 Sigeo,
628 2951 721 3023 ἐρινεῷ
742 2959 845 3022 aliisque
869 2959 932 3012 iocis
957 2957 981 3008 in
999 2957 1094 3010 Troico

154 3057 244 3107 campo
263 3042 366 3104 obviis;
385 3039 474 3102 quibus
488 3037 594 3102 denique
615 3043 646 3092 de
665 3041 816 3097 Graecorum
831 3056 858 3096 et
874 3039 1037 3104 Troianorum
1057 3041 1094 3093 tei
1172 3067 1175 3074 -

152 3125 270 3179 militaris
284 3125 388 3176 scientia
403 3127 522 3190 quaedam
544 3125 733 3192 subjunguntur.
839 3157 847 3176 .
945 3156 955 3175 .
1054 3156 1064 3177 .
1098 3123 1156 3189 ρισ.

187 3203 212 3268 S.
229 3221 257 3260 a.
292 3207 441 3260 Graecarum
467 3211 566 3260 navium
595 3209 660 3261 inter
684 3211 879 3273 promontorium
901 3212 1044 3262 Rhoeteum
1068 3221 1096 3263 et

155 3297 257 3360 Sigeum
282 3293 417 3344 subductio
438 3293 583 3357 exponitur.
622 3295 671 3344 iias
692 3305 774 3345 autem
799 3292 969 3364 προκρόσσας
984 3292 1096 3344 colloca·

56 3393 69 3410 *
155 3391 234 3441 runt,
252 3376 287 3428 ita
307 3383 336 3423 ut
354 3373 378 3424 in
398 3377 497 3438 spatio,
515 3376 614 3426 navium
633 3375 733 3428 ordines
747 3379 914 3443 intermedio,
932 3377 1038 3431 tentotie
1054 3377 1098 3428 ad·

159 3473 267 3520 starent.
302 3459 371 3524 Quae
387 3457 539 3509 Graecorum
556 3469 635 3509 castra
654 3459 759 3522 primunt
781 3464 849 3514 omni
871 3465 1008 3516 munitione
1028 3475 1099 3514 crte·

153 3549 214 3597 bant
224 3579 233 3606 ,
245 3541 342 3600 donec,
352 3539 467 3590 Nestoris
483 3541 594 3604 monitu,
607 3543 673 3594 valio
689 3556 715 3596 et
730 3545 796 3597 iosst
811 3549 891 3599 cincta
907 3559 982 3600 sunta
1001 3545 1092 3597 vallum

155 3641 238 3682 autem
270 3622 460 3686 propugnaculis
491 3625 635 3677 muniebant
655 3639 682 3680 et
701 3628 891 3694 intercipiebant
917 3631 1038 3682 turribus:
1057 3627 1096 3679 his

156 3719 275 3770 suberant
301 3707 402 3774 maiia»
418 3703 593 3775 προβλῆτες,
619 3710 709 3774 quibus
728 3715 753 3765 ln
773 3729 853 3769 tunes
871 3713 1006 3765 escendere
1022 3719 1093 3771 pote·
1140 3719 1145 3733 ¹
1176 3731 1177 3736 ι

155 3813 227 3854 tant:
247 3798 340 3868 τάφρῳ
358 3797 494 3858 ονολόπας
509 3792 659 3865 infixerant,
685 3799 801 3868 κρημνοὶ
818 3799 846 3852 δ’
863 3793 1012 3869 ἔπηριφὶρς
1030 3794 1098 3864 περὶ

154 3887 248 3937 πᾶσαν
263 3885 382 3936 ἵστασαν
400 3885 608 3956 ἀμφοτέρωθεν.
739 3921 748 3938 .
844 3921 854 3941 ,
950 3913 961 3937 .
1058 3918 1067 3936 .
1095 3869 1159 3948 'aw-

190 3974 216 4038 ς.
233 3992 258 4038 ³·
289 3977 333 4048 ¹De
351 3977 483 4040 tentoriis,
499 3989 583 4028 eorum
599 3974 678 4025 forma
693 3981 720 4022 et
735 3971 865 4035 partibus:
884 3985 934 4024 tum
952 3971 983 4020 de
998 3981 1096 4040 πιριυ·

158 4061 201 4124 πῇ
215 4077 238 4114 s.
257 4061 365 4122 σκοπιῇ,
419 4096 426 4113 ,
526 4094 534 4113 ,
631 4088 641 4107 .
740 4087 749 4107 .
847 4087 856 4108 ,
950 4087 960 4108 ,
1057 4057 1159 4130 ,ω

187 4145 213 4210 ς.
231 4161 256 4210 4.
291 4145 375 4196 Noctu
389 4143 525 4208 excubiae,
537 4151 564 4194 ttt
582 4153 595 4192 a
611 4141 729 4203 Graccis,
748 4139 781 4188 lta
792 4135 951 4208 a'rrojanls,
970 4127 1099 4214 diligenter

711 4219 819 4250 ”tn
836 4237 853 4276 ι
1116 4225 1162 4283 sse·
