2828 4986
317 287 867 394 ortursoosrsruorus.
948 371 953 383 .
1086 343 1173 388 ur·

133 495 307 554 mononem
327 494 368 548 vis
387 494 452 564 brit)
468 495 572 564 sliisqoe
591 497 707 554 remediis
723 495 823 563 torpori
841 495 938 552 afflicto
958 495 1074 566 vigorem

136 583 243 634 reddere
262 591 396 635 noverant.
413 583 454 636 De
475 582 587 646 potionis
598 582 705 644 denique
722 579 847 646 mixtttrs,
863 594 937 646 quem
948 579 1076 648 Aegyptia

131 662 290 728 Poiydsmut
305 663 426 717 Heieuam
446 665 560 718 docuisse
575 665 676 718 ditinu.
710 695 719 720 ·
816 699 826 719 .
922 697 932 720 0
997 679 1055 730 με.
1077 676 1137 732 3390·

159 749 231 822 §.s-
265 748 360 802 cresus
379 748 466 802 hostes
484 747 543 800 feris
563 747 714 811 ossibusque
734 747 888 800 diiaoitodos
903 749 1076 802 consedebunt

135 835 180 887 vei
199 844 268 886 certe
287 848 315 886 se
335 845 501 885 concessuros
517 845 573 884 esse
593 831 779 883 minitabantur.
819 831 963 896 Aliquando
980 831 1006 884 iu
1022 831 1077 898 ipsa

132 915 210 968 etism
226 927 380 968 mortuorum
394 905 518 968 osdrveta'
530 914 675 970 saeviebant
680 951 693 982 ,
710 928 739 968 ut
750 916 872 982 exemplis
887 915 990 980 proistit
1013 927 1075 968 con·

135 1011 196 1054 stas
293 1030 723 1054 .....
765 945 1227 1066 ...ιιιΙ

159 1086 184 1158 ς.
201 1105 228 1154 p.
262 1087 333 1154 Quae
345 1087 558 1140 maisnesootum
573 1083 735 1137 sedaveribus
744 1081 889 1145 evenirent,
898 1093 1073 1146 sommo,quo

135 1181 268 1238 potorum,
284 1169 369 1222 studio
385 1170 508 1222 mnebrnt
523 1167 596 1219 surici
613 1165 770 1230 superantes.
807 1165 881 1218 Unde
899 1173 939 1214 tot
955 1173 1074 1228 mutaque

134 1257 165 1310 de
180 1269 309 1310 caesorum
330 1255 452 1306 osdsvete
469 1250 581 1315 proelia,
604 1262 637 1301 ex
655 1249 745 1314 quibus
764 1250 796 1301 de
814 1249 957 1314 Sarpedone
977 1257 1004 1298 et
1022 1247 1072 1298 i’a·

134 1340 214 1390 trotio
243 1347 339 1390 tentum
365 1334 466 1387 dicitur.
527 1332 625 1399 Quodsi
655 1345 719 1386 vero
742 1332 784 1384 vei
816 1331 854 1384 sie
877 1331 965 1383 itostes
998 1343 1075 1384 cssso

134 1423 285 1487 potirentur,
306 1418 410 1474 summis
430 1415 507 1468 etiem
531 1415 618 1478 pretiis
639 1430 655 1467 ι
676 1417 775 1469 victore
789 1429 835 1470 eos
859 1415 983 1472 redimere
1008 1415 1073 1469 nito-

132 1507 242 1570 bsnntt‚
257 1515 286 1555 ut
302 1505 429 1555 redemtos
441 1501 509 1564 iusto
527 1501 612 1553 funere
633 1513 760 1554 ornarent.
850 1532 860 1552 ·
926 1535 936 1555 .
1034 1539 1044 1559 .
1076 1520 1136 1572 343.

156 1593 174 1664 ς
197 1608 225 1657 4.
260 1586 386 1642 certaturi
405 1573 554 1648 preeundo,
579 1597 611 1636 ns
629 1583 691 1637 victi
712 1585 837 1648 sepuinrrs
861 1585 1072 1656 destituerentur,

131 1680 163 1732 ἡ
196 1675 360 1730 adsueribus
387 1679 446 1732 post
476 1680 582 1736 pugnam
604 1667 658 1736 suis
689 1669 836 1748 reddendis*
851 1680 926 1731 proto
948 1669 1073 1727 interdum
1147 1737 1153 1748 Ι

131 1763 272 1821 cavebant,
293 1757 435 1818 eodemque
451 1753 559 1806 consilio
574 1753 686 1806 ioduoirs
699 1755 798 1819 saepius
815 1753 848 1803 sb
866 1749 980 1805 hostibus
993 1752 1073 1808 ficus

132 1859 187 1898 esse
203 1843 276 1896 testis
290 1855 332 1893 est
349 1841 483 1893 iioraerus.
504 1869 1044 1895 ······
1074 1855 1152 1908 uss.

72 1927 152 1993 caput
165 1929 238 1980 xiv.
269 1927 312 1979 De
328 1929 418 1990 praede
436 1925 537 1979 beiiica·

153 2015 179 2086 S.
197 2030 223 2069 ι.
256 2014 286 2065 in
305 2012 409 2064 victoris
427 2022 578 2076 poteststem
598 2011 692 2062 cedunt
710 2006 773 2059 uicti
791 2019 847 2059 eum
868 2003 942 2059 snisa
961 2009 1019 2062 binc
1039 2023 1072 2064 ex

128 2099 226 2163 proelio
246 2097 335 2162 prseda
351 2097 434 2148 onusti
452 2095 505 2149 fere
519 2096 627 2146 redeunt
647 2093 775 2154 victores,
793 2092 861 2153 quod
880 2089 941 2153 ipsis
957 2095 1071 2156 antisti·

128 2195 198 2232 mum
213 2190 267 2231 erat
282 2191 308 2230 et
323 2176 509 2241 honorificum,
526 2193 553 2228 ur
568 2179 659 2242 quovis
676 2177 727 2230 iere
741 2190 843 2228 versus
860 2177 937 2228 Podta
951 2177 1070 2230 truditura

130 2277 165 2315 ex
183 2275 233 2326 qua
248 2261 350 2324 psaedte
370 2263 507 2324 cupiditste
525 2260 619 2325 fiebat,
642 2271 669 2308 nt
688 2257 738 2310 etsi
755 2259 787 2310 de
803 2257 965 2312 osdrvetibus
985 2261 1011 2312 iu
1029 2275 1071 2314 se·

129 2345 253 2411 pntinrrtm
270 2343 404 2396 reddendis
415 2343 598 2408 convenisset,
613 2341 705 2394 victori
714 2341 809 2394 victum
826 2343 901 2404 uui,
910 2345 1072 2411 ceterisque,

132 2443 197 2494 qnae
222 2428 333 2486 bobert,
355 2425 462 2490 spoliare
479 2425 577 2478 liceret.
620 2425 764 2488 Spoiiurrtm
787 2439 870 2480 sutem
888 2441 1000 2494 portem,
1023 2444 1073 2484 neo

99 2547 102 2565 .
130 2525 190 2565 sune
213 2508 359 2569 minimam,
375 2521 407 2560 ex
426 2519 489 2561 voto
507 2509 555 2560 diis
571 2506 731 2562 dedicsbsnt.
817 2542 828 2562 .
923 2547 933 2566 .
1030 2549 1041 2570 ,
1073 2511 1135 2585 84⁶⁴

153 2598 179 2670 ς,
196 2609 222 2647 u.
256 2595 329 2670 Quos
341 2591 417 2643 vivos
440 2601 571 2654 ceperant,
594 2603 682 2642 servos
703 2591 755 2646 fere
777 2594 826 2646 sibi
845 2597 991 2663 temnant,
1012 2598 1069 2651 aiiia

132 2679 315 2738 dissentiebant,
330 2677 372 2727 vei
392 2675 584 2729 interficiebant.
626 2679 666 2729 Ex
683 2678 806 2733 servitute
823 2690 923 2742 tamen,
938 2679 962 2732 si
974 2680 1069 2732 victori

132 2764 287 2830 placuisset,
309 2759 448 2812 maximoa
467 2761 580 2826 cognoris
596 2761 758 2816 redemtionis
774 2762 856 2826 pretio
874 2764 960 2818 obitto
975 2765 1066 2819 libero

127 2849 216 2899 bantur
217 2873 1035 2904 ·········
1068 2867 1128 2920 347·

152 2923 177 3003 g.
193 2946 220 2994 3.
254 2928 316 2980 Post
330 2927 439 2993 singulas
455 2928 649 2994 expeditiones,
660 2931 794 2996 praedam,
815 2948 888 2997 qoam
903 2937 1067 3002 oepersnt‚si

80 3041 82 3048 v
129 3029 195 3068 etms
211 3015 290 3066 caesis
309 3015 420 3066 detracta
439 3014 587 3076 exceperis,
601 3027 699 3066 omnem
719 3017 809 3080 singuli
822 3021 853 3072 ad
872 3023 961 3073 ducem
979 3023 1067 3077 conio-

127 3101 214 3149 rebant
225 3133 235 3161 ‚
247 3096 291 3160 qui
299 3111 330 3149 et
347 3113 377 3149 ea
398 3097 447 3149 sibi
460 3110 583 3162 sumeret,
602 3115 666 3164 quae
683 3101 792 3154 maxime
810 3101 977 3168 placuissent,
995 3119 1066 3158 oete·

127 3197 198 3245 ram,
218 3179 349 3244 aequitatis
364 3181 459 3232 ratione
480 3181 585 3244 hubin,
606 3183 721 3232 omnibus
731 3183 870 3247 divideret,
887 3186 921 3238 ita
939 3200 1022 3242 umen
1038 3203 1068 3244 ut

128 3264 171 3328 qui
194 3263 285 3315 ceteris
310 3264 385 3314 rebus
406 3263 504 3315 fortiter
522 3263 600 3328 gentle
619 3263 797 3317 excelluisseot
812 3267 943 3334 praecipua
963 3273 1065 3328 virttttia

128 3347 235 3413 memb
256 3347 389 3401 differrent·
494 3380 504 3401 a
599 3380 611 3403 ο
643 3395 646 3402 ,
704 3379 718 3400 a
758 3391 762 3400 .
815 3381 826 3402 e
921 3383 934 3407 ο
1028 3391 1038 3412 .
1071 3361 1130 3426 348.

72 3435 150 3498 ctput
164 3434 224 3484 xv.
257 3432 297 3483 De
318 3431 471 3484 foederibus.

150 3519 174 3592 ἢ,
192 3533 218 3570 ι.
251 3515 322 3579 Quae
341 3514 446 3566 heroico
463 3531 529 3572 sevo
545 3515 618 3568 beiiis
636 3514 781 3577 pierumque
800 3511 888 3582 oripo,
901 3532 966 3582 pure
980 3523 1067 3583 erdem

129 3599 419 3668 attenuationem,
436 3599 658 3662 proponuntur,
675 3597 740 3649 unde
753 3598 785 3648 de
802 3612 860 3652 vera
874 3618 936 3667 pate
953 3619 982 3656 ea
1001 3616 1065 3658 tem·

129 3699 226 3754 pestate
242 3685 345 3748 copton
365 3699 415 3734 non
434 3699 508 3748 posse
522 3693 648 3749 rpparett.
704 3717 714 3734 .
812 3714 822 3735 .
921 3717 930 3736 .
1030 3718 1039 3739 .
1071 3699 1130 3753 ³⁵⁰·

150 3771 173 3846 5.
191 3785 219 3824 o.
249 3769 291 3819 De
311 3767 454 3820 foederibus
468 3771 508 3822 vei
526 3785 583 3822 tnte
596 3771 661 3823 belis
677 3771 718 3822 vei
731 3771 790 3822 dum
808 3779 953 3834 gererentur
967 3783 982 3818 a
995 3769 1065 3834 iege·

129 3857 252 3919 tis‚quos
262 3867 435 3908 sacrosanctos
452 3869 550 3908 surnruo
560 3861 653 3908 bonore
669 3857 797 3920 colebant,
814 3854 937 3917 turrimque
945 3852 984 3914 ogi
998 3851 1067 3907 soie·

129 3941 192 3991 bots
215 3938 277 3991 iiiud
297 3949 355 3990 aote
380 3938 470 3990 beiiutn
493 3937 626 3998 Troianum
645 3952 659 3989 ι
684 3939 811 4002 Graecist
833 3938 882 3988 hoo
901 3951 915 3987 s
935 3935 1023 3990 Peride
1040 3949 1068 3990 et

130 4025 265 4087 bdeneiao,
281 4023 402 4087 singulare
421 4034 546 4074 testamen
564 4022 681 4088 inituris,
695 4025 788 4080 factum
802 4035 857 4074 esse
876 4019 991 4074 traditur.
1071 4037 1131 4089 ³50·

153 4111 180 4184 5.
194 4124 222 4173 s.
257 4107 473 4162 Couusbebmtnt
491 4109 591 4162 foedus
612 4109 644 4162 sb
667 4108 729 4174 ipsis
748 4108 875 4172 unusque
895 4105 982 4171 popuii
1001 4104 1068 4173 repi-

764 4236 766 4245 ,
1083 4188 1131 4240 bus
