2828 4986
208 299 270 352 rm
345 337 351 348 .
501 269 1001 350 PROOEMIUM.

211 467 483 570 antiquitatibus
504 469 703 546 Homericis
739 467 830 544 liber
866 465 1048 566 ememus,
1083 489 1149 570 per
1171 489 1285 568 quem

213 613 292 662 eam
310 613 395 660 cum
411 586 568 662 Homero
579 593 730 698 'ejusque
750 585 919 660 heroibus
935 583 1205 659 lamiliaritatcm
1222 611 1287 660 me

216 717 480 781 contracturum
509 729 586 778 esse
605 702 814 806 sperabam,
838 715 880 776 ut
903 727 1069 803 premens
1084 702 1289 804 praesenti·

159 833 163 840 '
216 823 283 899 bus
308 825 498 914 interesse,
522 822 561 896 in
583 823 698 923 iisque
719 817 847 894 mediis
868 821 1001 894 versari
1015 820 1103 894 mibi
1130 819 1289 900 viderer.

216 942 284 1016 Cui
311 939 385 1042 spei
407 941 518 1014 deluit
539 953 702 1018 eventum·
750 935 842 1012 ttam
861 937 899 1011 in
921 937 1061 1012 Feitbio
1083 937 1151 1013 alia
1181 933 1288 1040 repe·

217 1061 273 1150 ri,
298 1085 388 1162 quae
402 1085 475 1131 non
500 1060 583 1132 satis
603 1055 758 1131 dilucide
776 1055 946 1158 explicata
973 1071 1095 1150 erant,
1120 1071 1162 1132 ut
1180 1083 1223 1132 ex
1242 1059 1287 1132 iis

217 1177 409 1250 Homerica
422 1174 526 1278 plane
545 1174 799 1274 intelligerem:
825 1170 914 1266 alia,
937 1201 1027 1275 quae
1050 1178 1286 1276 interpretatu

105 1344 110 1359 .
218 1293 416 1369 difficiliora
444 1291 708 1392 esistimabam,
733 1294 772 1366 in
799 1291 881 1368 Viri
915 1293 1019 1368 Doot.
1051 1292 1145 1368 libro
1179 1321 1283 1393 aegre

219 1413 425 1487 desideravi.
477 1413 521 1486 ln
544 1410 597 1484 bis
617 1411 721 1510 igitur
741 1408 787 1486 ad
804 1409 1013 1486 diapoetae
1032 1412 1288 1516 interpretandi

209 1525 375 1605 'subsidia
394 1527 558 1628 confugi,
581 1523 628 1601 ad
646 1523 792 1604 Homeri
813 1529 892 1604 dico
914 1527 1143 1621 scholiastae,
1167 1531 1213 1606 ad
1230 1557 1288 1608 te-

206 1641 437 1740 ⁸cantiorum,
450 1643 610 1748 inprimis
627 1643 968 1748 depenii,1leynii
982 1647 1203 1724 etNitrschii
1221 1649 1287 1722 ad·

211 1754 441 1856 notationes,
466 1763 572 1836 etad
598 1777 713 1838 celem
736 1763 834 1840 baud
862 1793 975 1871 pauca
997 1768 1101 1842 Doct.
1121 1767 1290 1842 Vimtum

222 1885 364 1985 scripta.
389 1881 518 1984 quibus
544 1871 802 1988 comquuoe
826 1885 874 1960 ad
899 1885 1018 1961 iliadis
1042 1899 1079 1960 et
1106 1885 1290 1988 Odysseae

222 1997 442 2076 intellectum
471 1999 667 2094 faciebant,
701 2001 851 2079 alitilia
877 2004 1132 2107 explicuerunt.
1192 2005 1292 2082 Haec

149 2149 153 2158 ¹
221 2121 341 2193 omnia
361 2120 409 2192 ita
430 2119 478 2216 in
500 2144 620 2194 meum
644 2146 748 2196 usum
768 2123 943 2224 converti,
968 2135 1009 2194 ut
1027 2121 1065 2194 in
1087 2121 1208 2196 charta
1226 2147 1294 2223 pu·

222 2264 287 2331 ra,
304 2265 411 2340 quum
434 2237 680 2326 stabulense,
704 2263 773 2336 qua
794 2235 943 2326 utebar,
966 2237 1097 2312 lleithti
1113 2239 1290 2313 editioni·

224 2353 334 2432 inseri
350 2375 571 2434 curaveram,
594 2377 636 2426 ea
656 2351 912 2443 adscribamus,
935 2379 1027 2454 quae
1045 2353 1195 2428 aliorum
1213 2381 1294 2432 sen·

225 2472 337 2550 tentia
355 2471 493 2572 cognita
516 2482 576 2544 aut
596 2465 791 2544 Fcitbianis
815 2471 924 2572 magia
942 2468 1031 2544 mihi
1048 2469 1198 2573 quidem
1220 2473 1296 2574 pla·

225 2591 375 2680 cebant,
410 2583 541 2662 autad
575 2587 783 2662 Homericae
812 2589 1029 2692 antiquitatis
1057 2589 1294 2688 cognitionem

226 2705 423 2786 necessario
445 2703 723 2807 requirebantur.
771 2707 825 2779 lta
845 2707 885 2782 in
913 2703 989 2778 dies
1010 2707 1164 2780 excrevit
1185 2709 1296 2784 adno-

226 2829 401 2904 aeonum
418 2848 577 2902 mearum
598 2823 723 2926 copia,
743 2848 850 2929 quam
881 2823 1030 2926 augebat
1046 2825 1154 2902 etiam
1169 2827 1296 2904 iterata

1219 2947 1297 3022 Ho-

271 3122 305 3205 1)
326 3124 412 3200 Quae
430 3121 521 3186 tertia
537 3131 583 3186 eat
599 3131 631 3186 et
651 3119 825 3184 norissima.
842 3119 885 3184 θ’.
904 3117 1026 3202 tegent.
1043 3137 1090 3182 an.
1104 3121 1193 3185 1743.
1228 3123 1297 3184 Pri-

229 3245 312 3292 mum
329 3225 449 3287 curarit
462 3227 555 3288 Heur.
569 3223 754 3298 brumasius,
773 3223 903 3288 Salsulae
912 3221 1085 3286 Zwollauae
1093 3225 1221 3298 Raetos,
1241 3227 1298 3306 qui

229 3329 287 3391 boa
303 3327 471 3410 propinqui
497 3329 545 3387 sui
571 3325 611 3388 de
630 3328 728 3408 tntiq.
753 3327 842 3388 Hom.
870 3324 970 3388 libros
989 3325 1077 3387 velut
1095 3344 1114 3386 e
1135 3323 1299 3408 naufragio

211 3417 375 3490 'serravit
416 3426 487 3488 viu
507 3426 609 3488 Brona
626 3429 723 3510 prael.
741 3428 857 3490 Prodiit
878 3426 1093 3491 autemforma
1111 3433 1177 3490 t20.
1197 3429 1298 3510 Luffd.

229 3527 294 3592 Bai.
314 3527 396 3611 apud
408 3529 441 3589 d.
458 3527 634 3589 Sercrinnm
653 3551 700 3590 an.
713 3525 802 3591 1677.
842 3519 982 3590 Secunda
997 3531 1070 3590 exiit
1078 3529 1200 3590 smeret
1213 3531 1300 3612 apud

230 3631 423 3692 Salomonem
441 3627 595 3690 Schouten
614 3629 660 3694 8⁶.
681 3653 749 3693 ann.
760 3625 860 3703 1726,
879 3629 994 3705 editio,
1013 3633 1098 3694 utin
1116 3631 1205 3692 titulo
1221 3629 1301 3711 tegi·

228 3741 300 3805 mr,
320 3730 502 3794 accuratior.
550 3731 699 3795 Ediuonts
720 3751 769 3794 an.
789 3729 869 3794 1743
891 3731 1076 3813 exemplaria
1098 3736 1198 3795 omnia
1218 3747 1299 3796 anno

230 3831 314 3896 1773
329 3833 396 3912 jam
417 3830 574 3894 divendita
593 3853 661 3896 esee
684 3845 716 3898 et
740 3851 851 3896 novam
872 3832 1037 3896 adltioua·
1057 3839 1158 3918 (quae
1178 3845 1298 3911 tamen,

232 3941 385 4016 qnantum
396 3932 483 4004 ueri,
504 3949 662 4014 uunquam
679 3936 779 4014 exiit)
797 3937 922 4017 parari,
944 3942 1079 4018 patetex
1094 3935 1124 4004 J·
1143 3936 1173 4004 J.
1193 3935 1304 4022 Rjom-

231 4033 329 4101 ruht·
347 4033 430 4099 reise
447 4032 523 4102 door
542 4035 666 4120 Europa
684 4059 749 4102 eur.
768 4037 856 4104 Totu-
872 4037 911 4108 V·
928 4056 961 4122 p.
976 4037 1026 4102 72.
