2814 4984
218 339 222 350 ·
333 295 928 462 'uounrrc'a'y
1071 335 1124 444 sy

389 633 785 666 *—

199 813 461 896 CAPUT
514 821 964 904 SECUNDUM.

39 1063 44 1076 ·
148 1039 368 1092 bussoti!
391 1035 643 1093 POTES'MTE
666 1041 803 1108 d'i'QUss
827 1040 1009 1096 Officio·

93 1280 129 1380 fi.
159 1307 190 1356 r.
239 1239 431 1394 Quamvis
459 1281 629 1384 dignitate
656 1283 694 1359 in
722 1281 854 1386 populo
886 1307 949 1360 suo
975 1271 1118 1362 'emines

35 1393 128 1458 rent
162 1404 286 1480 reges,
322 1381 514 1456 arctissimo
545 1398 665 1458 tamen
694 1383 834 1460 viuculo
866 1381 983 1456 eidem
1014 1399 1115 1462 erant

35 1480 243 1578 conjuncti,
269 1490 477 1580 potestatem
507 1507 607 1556 suam
638 1484 686 1556 ita
720 1484 791 1555 sere
827 1497 1050 1558 excercentes
1078 1487 1116 1562 in

36 1591 217 1669 cunctos,
253 1591 295 1650 ut
329 1569 368 1650 in
398 1603 478 1652 suos
510 1581 598 1656 solet
631 1579 877 1682 paterfamilias
908 1580 964 1653 vel
994 1582 1114 1684 stirpis

35 1689 165 1750 auctor
182 1691 211 1752 ¹.
258 1673 334 1750 Nec
357 1687 476 1751 tamen
499 1676 607 1754 libera
630 1693 705 1753 erat
727 1691 787 1752 aut
815 1677 972 1754 absoluta
992 1705 1115 1758 eorum

33 1773 225 1874 potentia,
250 1771 313 1848 sed
337 1775 443 1849 certis
465 1775 601 1875 legum,
633 1803 708 1852 non
728 1775 837 1866 literis
852 1777 1011 1877 ¹quidem
1031 1805 1118 1853 con·

33 1875 252 1970 signatarum
275 1891 294 1928 ²
318 1885 353 1947 at
384 1873 510 1974 cuique
536 1875 668 1976 populo
696 1875 923 1970 iunctarum,
955 1879 1115 1955 terminis

35 1971 317 2072 circumscripta.
388 1973 558 2066 Quamvis
600 1975 784 2062 rudiores,
832 1971 920 2074 quid
958 1976 1117 2072 justum,

36 2067 129 2168 quid
154 2071 330 2173 injustum
363 2084 476 2162 esset,
510 2070 621 2173 probe
651 2071 834 2146 tenebant.
892 2069 1027 2145 Natura
1055 2083 1113 2177 ju..

34 2167 173 2258 bento,
196 2181 239 2240 ut
268 2193 338 2240 sem
387 2195 425 2258 r,
450 2171 501 2242 ita
521 2195 619 2242 nunc
643 2169 814 2244 libertatis
838 2194 980 2256 amore,
1006 2178 1114 2248 servi·

33 2265 124 2340 tutis
153 2263 234 2340 odio
261 2265 333 2339 sere
402 2281 494 2358 tur,
532 2264 760 2368 ejusdemque
797 2278 944 2356 naturae
971 2271 1114 2348 monitis

34 2361 215 2455 obsecuti,
239 2361 327 2466 quid
347 2363 434 2438 boni
454 2366 545 2464 regis
573 2379 685 2457 esset,
699 2362 800 2466 ¹quid
820 2363 905 2438 mali
933 2364 1113 2444 discerne.

33 2489 72 2536 re
91 2463 226 2564 optime
244 2477 430 2538 noverant.
481 2467 560 2556 Quo
582 2465 700 2538 minus
718 2477 837 2538 autem
853 2487 976 2564 regum
997 2465 1114 2567 impe·

37 2561 133 2636 rium
150 2587 190 2636 ao
208 2574 363 2662 potestas
392 2561 525 2661 legibus
547 2565 791 2638 confirmatum
806 2575 882 2636 erat
909 2575 946 2635 et
965 2563 1113 2641 circum·

36 2663 192 2761 scripta,
218 2683 260 2732 eo
279 2659 384 2734 latior
411 2659 568 2762 ipsorum
588 2688 671 2738 cum
697 2659 860 2736 laudibus
885 2673 961 2734 tum
988 2688 1112 2762 repre·

36 2757 267 2832 hensionibus
291 2786 434 2862 campus
455 2759 607 2862 petebat.
657 2763 772 2855 Quam
800 2783 898 2856 reges
918 2763 1113 2857 reprehen-

37 2856 146 2930 dendi
177 2859 397 2932 occasionem
426 2859 487 2960 qui
516 2871 696 2959 captaret,
723 2858 805 2932 odio
837 2855 1031 2932 habebatur
1064 2860 1111 2935 ab

37 2953 201 3030 omnibus
217 2955 254 3042 5,
280 2970 321 3030 ut
342 2955 515 3032 Thersitis
533 2955 695 3058 exemplo
712 2954 893 3034 discimus.

83 3055 117 3154 ξ.
144 3081 179 3130 2.
229 3053 363 3156 Regum
383 3079 471 3156 quae
496 3055 625 3129 suerint
643 3051 757 3130 officia
780 3051 1028 3156 quaerentibus
1048 3055 1110 3132 bic

36 3153 105 3227 illic
133 3153 172 3226 in
190 3151 346 3226 Homero
394 3152 538 3227 uaedam
565 3151 668 3228 obvia
696 3165 804 3244 sunt,
827 3177 871 3224 ex
897 3153 1026 3255 quibus
1050 3180 1108 3228 eo·
1186 3153 1194 3164 ’

37 3277 118 3326 rum
147 3251 319 3324 rationem
352 3179 488 3325 eibcere
520 3250 605 3328 lieet
638 3251 805 3352 quidem,
840 3263 995 3326 attamen
1029 3281 1106 3330 non
1140 3343 1147 3352 ¹

36 3351 104 3424 nisi
134 3361 245 3424 caute.
293 3347 496 3430 Videndum
526 3351 645 3436 enim,
670 3375 717 3422 ne
737 3352 934 3448 argumenti
956 3353 1105 3428 suavita·

39 3461 71 3520 te
94 3445 185 3550 capti
200 3448 239 3521 iu
263 3449 416 3522 Graecos
443 3463 560 3522 nostra
586 3449 856 3538 transieramus,
880 3475 972 3525 neve
989 3455 1105 3524 omni-

38 3544 101 3619 bus
129 3571 168 3620 ea
196 3547 461 3643 adjudicemus,
497 3569 585 3648 quae
617 3559 678 3619 aut
706 3539 925 3648 priricipibus
963 3562 1103 3624 tantum

38 3647 144 3734 viris,
169 3655 247 3734 aut,
271 3645 369 3747 quod
393 3645 450 3720 aiii
468 3647 705 3748 suspicantur,
730 3639 884 3719 Homero
909 3648 1014 3721 unice
1039 3649 1106 3720 tri·

39 3742 174 3819 buenda
205 3757 287 3818 sunt
303 3746 333 3822 ⁴.
382 3744 523 3838 Quibus
559 3743 770 3836 observatis,
796 3741 883 3816 haec
910 3745 955 3818 de
981 3771 1103 3844 regum

1059 3841 1111 3918 of·
1195 3913 1197 3918 .

74 4005 103 4078 ι)
120 4005 158 4066 Cf.
182 4004 373 4063 Waebsrnnth·
387 4011 436 4084 Op.
450 4009 470 4068 1.
497 4006 593 4064 torel.
621 4010 711 4080 p.89,
730 4026 773 4079 9²·
830 3990 840 4078 ’λ
860 4005 890 4075 2)
908 4005 950 4063 Gi.
968 4005 1052 4062 schot
1073 4006 1106 4062 B.

41 4089 74 4146 u.
90 4089 121 4142 aa
134 4086 164 4146 n.
178 4089 230 4159 rx,
248 4109 289 4165 so
368 4093 396 4158 s)
412 4091 455 4158 or.
469 4109 546 4166 supra
563 4091 591 4148 o
611 4111 632 4147 1.
650 4095 675 4164 s.
690 4093 714 4162 s,
734 4089 760 4142 sn
776 4089 834 4143 sne.
896 4089 926 4154 a)
946 4089 1108 4147 usurasne.

44 4171 73 4224 nd
89 4169 135 4226 Od·
151 4162 195 4245 il,
212 4161 249 4227 46'
263 4189 333 4244 seqq.
369 4171 505 4243 Du'plicem
520 4190 619 4244 quoqne
638 4177 665 4225 in
691 4171 799 4307 Ποηὲοτί
820 4171 979 4226 carminibus
996 4171 1027 4225 de
1046 4171 1108 4304 fidite

782 4273 799 4308 2
1080 4273 1114 4316 oq
