2828 4986
373 300 926 378 Puooetrrult·
1092 319 1161 374 xrs·

81 535 116 580 u.
134 495 321 600 legendnm
336 515 417 573 enas
436 499 503 602 ipsi
522 501 703 601 opiniones
727 499 897 590 aliemnt3
912 517 979 570 neo
999 493 1044 568 ab
1059 495 1168 568 omni
1206 494 1212 511 “

84 655 108 708 η
137 613 564 722 praeiudicataaententia
580 621 703 720 integri
718 619 875 720 castique
892 640 936 690 ex
952 612 1061 693 solius
1073 614 1162 690 soris

89 769 114 810 n
142 737 252 838 ptoris
280 739 424 835 ejusque
456 737 567 834 gentis
598 751 634 810 et
661 737 817 842 moribus
846 741 882 808 et
902 731 1166 836 opinionibus,

93 890 117 932 u
143 871 217 930 tam
237 853 341 926 bonis
360 850 434 954 illis
448 882 554 956 quarn
577 857 776 956 perversis,
800 858 919 958 ipsum
940 851 1090 950 legendo
1106 851 1164 922 in·

95 1005 120 1048 n
147 973 303 1071 telligere
331 973 514 1046 conantur.
568 973 617 1044 Et
652 975 755 1065 vero,
788 972 857 1046 nisi
885 997 951 1048 nos
984 965 1023 1042 in
1056 967 1166 1068 ipsius

99 1125 124 1168 o
151 1088 329 1189 scriptoris
357 1095 500 1190 ejusque
527 1091 659 1164 civium
685 1105 722 1164 et
740 1091 938 1194 aequalium
963 1087 1168 1162 interiorem

100 1239 124 1289 a
152 1207 312 1284 indolem·
336 1218 373 1278 et
394 1206 495 1308 quasi
513 1211 675 1282 naturam
696 1209 839 1312 penitus
857 1204 1169 1294 insinuaverimus,

104 1357 127 1400 o
155 1347 369 1427 magnopere
381 1323 592 1420 verendum,
612 1331 751 1434 neuejus
762 1323 1028 1431 quibuscunque
1049 1323 1100 1396 de
1113 1345 1174 1394 rea

106 1475 130 1518 n
159 1443 226 1518 bne
250 1442 433 1543 opiniones
460 1470 501 1552 ae
532 1447 743 1538 sententias,
780 1457 951 1550 quotquot
984 1431 1127 1544 quidem
1152 1463 1173 1514 a

108 1596 131 1660 u
159 1577 278 1640 nestra
298 1562 474 1662 cogitandi
490 1561 779 1666 existimandiqne
793 1564 930 1639 ratione
948 1561 1175 1649 abhorreant,

107 1715 131 1756 u
161 1696 384 1774 commenta,
413 1683 587 1783 ineptias,
611 1707 715 1782 saepe
737 1683 843 1754 etiam
866 1683 957 1784 aegri
981 1680 1105 1780 capitis
1122 1702 1177 1752 so·

109 1835 131 1875 u
160 1802 258 1874 mnia
277 1823 456 1874 vocemus.
508 1797 669 1890 Scilicet,
692 1798 806 1902 quoad
824 1827 898 1873 non
919 1809 1077 1874 accurate
1097 1821 1179 1898 per·

109 1945 132 1994 u
163 1919 311 2020 cipimus
339 1918 472 2017 antiqui
495 1917 571 1990 aevi
595 1917 642 1990 ab
662 1917 730 1990 hoo
748 1933 867 1992 nostro
885 1917 1180 2020 discrepantiam,

110 2067 133 2110 a
165 2038 309 2138 antiqua
340 2035 443 2110 nohis
479 2049 707 2108 monumenta
741 2035 968 2110 tractantibus
1005 2033 1182 2136 quandam

112 2189 135 2230 o
166 2155 264 2256 quasi
285 2153 420 2228 nubem
442 2151 596 2254 objicere
612 2153 699 2226 haec
723 2153 961 2254 discrepantia
984 2153 1091 2244 solet,
1115 2172 1182 2252 per

114 2305 138 2348 a
169 2295 276 2373 quam
300 2269 529 2342 nobilissimos
553 2271 768 2370 antiquitatis
785 2271 901 2362 viros,
927 2296 1000 2344 non
1016 2297 1099 2362 sua,
1118 2265 1185 2342 sed

117 2421 141 2468 n
171 2388 342 2480 deformi,
366 2387 429 2462 sed
450 2387 596 2462 ridicula
621 2414 875 2490 nonnunquam
903 2389 1020 2490 specie
1045 2401 1188 2462 contue-

119 2541 143 2584 ι
172 2531 264 2582 mur.
312 2505 436 2610 Equa
459 2531 582 2578 eorum
602 2507 720 2607 specie
742 2505 788 2580 ad
806 2506 1068 2606 cognoscendos
1090 2505 1186 2606 ipsos

120 2657 145 2702 a
173 2623 414 2726 conjecturam
437 2623 625 2713 ducentes,
643 2623 769 2726 quidni
785 2646 844 2696 eos
863 2623 1121 2726 vituperemus,
1137 2625 1188 2700 ri·

121 2774 147 2818 a
175 2741 344 2832 deamus,
381 2741 615 2844 despiciamus
632 2739 695 2814 ¹?’'
742 2743 838 2818 Haeo
865 2741 910 2818 de
943 2740 1102 2816 Platonis
1133 2739 1188 2814 sni

124 2860 244 2938 studio
259 2858 312 2933 Cl.
331 2859 527 2953 Heusdiue,
553 2887 642 2964 quae
662 2859 787 2936 eodem
805 2866 881 2965 jure
899 2861 944 2936 de
962 2857 1118 2936 Homero
1131 2884 1189 2934 ra·

126 2976 207 3052 lent
226 2990 263 3051 et
283 2975 486 3076 dignissima
504 2991 607 3064 sunt,
634 2991 673 3053 ut
692 2981 731 3054 in
750 2983 901 3084 antiquis
920 2978 1030 3056 literis
1046 2976 1191 3078 diligen·

129 3109 187 3170 ter
206 3121 227 3168 a
245 3095 433 3193 juvenibus
456 3095 719 3188 observentura·
740 3133 761 3172 u
781 3103 861 3178 Non
876 3102 972 3175 enim
994 3097 1122 3172 sullioit
1142 3096 1194 3171 le·

130 3247 154 3288 n
181 3215 318 3289 etitasse
345 3216 532 3319 (antiquos
556 3221 741 3319 auctores)
774 3233 810 3293 et
837 3233 1020 3293 tractasse:
1053 3213 1197 3290 accedat

131 3365 157 3410 n
183 3347 346 3437 oportet,
371 3335 468 3436 quod
489 3335 584 3410 haud
610 3339 686 3411 scio
708 3365 756 3410 an
781 3337 941 3412 omnium
963 3340 1008 3412 sit
1030 3334 1198 3410 ¹dillicilli·

128 3601 158 3646 κ
185 3585 219 3646 te
241 3597 383 3673 prorsus
404 3573 443 3644 in
461 3571 571 3672 ipsam
592 3575 726 3675 antiqui
746 3576 821 3648 aeri
837 3573 1200 3675 cogitandi,sentieo·

137 3717 162 3762 >a
187 3687 248 3782 di,
272 3686 417 3764 dicendi
445 3690 638 3764 rationem:
659 3690 753 3796 quod
775 3694 837 3792 qni
858 3719 933 3768 uon
956 3695 1062 3782 facit,
1088 3689 1200 3792 expli·

1103 3843 1124 3882 l>
1151 3835 1212 3884 ca·

186 4029 221 4110 t)
241 4019 312 4096 virt
332 4031 370 4098 V·
387 4031 431 4092 Gl.
452 4029 609 4110 Specirnen
621 4029 767 4098 triticum
790 4034 821 4095 in
836 4027 990 4094 Platonem
1006 4052 1036 4112 p.
1051 4043 1103 4092 xlv
1124 4051 1185 4113 seq.

976 4139 1012 4172 »a
