2814 4984
359 250 841 392 anousr'rcs
1100 271 1162 391 ts?

77 493 168 598 ‘eum
203 499 397 613 generatim
429 492 568 610 imperii
601 521 638 582 et
673 503 853 608 dignitatis
877 505 1014 608 insigne
1049 505 1155 585 babe-

79 631 210 706 retur,
246 635 319 684 non
345 604 485 706 regibus
514 619 652 680 tentum
682 608 868 706 proprium
894 607 984 696 fuir,
1008 607 1073 680 sed
1099 637 1158 684 ce·
1285 631 1296 662 ⁹

81 717 174 790 teris
191 712 296 786 etiam
319 704 525 805 potentibus
537 719 573 778 et
589 705 689 779 claris
709 707 749 778 in
769 705 909 780 civitate
928 705 1036 795 viris,
1061 719 1160 805 yepes-

82 846 141 906 σι,
167 803 428 893 sacerdotibus,
452 803 550 879 aliis:
577 803 622 877 de
643 801 770 903 quibus
784 830 846 877 suo
865 803 944 876 loco
970 805 1038 878 erit
1061 831 1162 904 agen·

84 909 192 986 dum.
256 903 363 980 Nune
399 901 444 974 de
477 913 614 1004 sceptro
647 901 761 1000 regiae
791 901 1004 978 auctoritatis
1032 903 1163 1006 insigni

83 1009 288 1086 videamus.

142 1107 176 1208 ξ.
203 1130 236 1177 2.
287 1103 330 1174 ln
343 1113 482 1202 seeptro
498 1099 774 1200 Agamemnonio
787 1099 974 1202 praecipue
989 1102 1167 1180 celebran-

91 1206 142 1280 do
180 1199 311 1276 multus
351 1213 415 1272 estv
439 1199 637 1290 Homerus,
678 1197 775 1300 quod
812 1200 903 1272 miro
937 1201 1083 1276 artificio
1121 1201 1165 1278 ab
1283 1231 1290 1244 ·

90 1302 302 1405 Hephaesto
329 1295 559 1372 fabrefactum
583 1300 653 1370 Zeo
680 1295 877 1372 tradentes
896 1297 1085 1400 majoribus
1102 1329 1168 1398 per

92 1400 354 1480 successionem
381 1395 426 1468 ad
449 1397 600 1470 Atriden
627 1397 828 1496 pervenisse
849 1410 994 1470 narrant
1008 1415 1037 1470 ².
1087 1401 1169 1473 Fie-

90 1503 187 1578 bant
206 1509 325 1570 autem
346 1506 484 1596 sceptra
503 1519 600 1568 ramo
613 1519 659 1566 ex
679 1493 804 1567 arbore
817 1495 948 1584 reciso,
972 1501 1072 1599 cujus
1088 1497 1170 1572 solia

93 1615 134 1676 et
153 1596 323 1670 corticem
346 1593 481 1665 ferrum
509 1591 696 1667 abraserat.
747 1591 851 1684 Quod
872 1590 917 1665 de
943 1609 1082 1696 sceptro
1104 1623 1170 1672 suo
1270 1600 1275 1610 ’

95 1689 511 1780 tradentemaudiamus
530 1688 701 1783 Peliden,
726 1693 788 1793 qui
810 1695 943 1790 juratus
982 1729 985 1740 ·

201 1799 266 1870 Nat
276 1799 318 1886 μά
327 1791 389 1866 τόδε
398 1809 558 1892 caterpam,
571 1789 704 1890 inquit,
719 1795 813 1884 cipio
825 1787 922 1862 ὤποτε
935 1797 1027 1890 φύλλα
1036 1800 1085 1867 καί
1094 1791 1171 1883 idrag

201 1897 307 1981 Φὺσεε,
332 1891 426 1972 ἐπειδὴ
443 1905 544 1988 πρῶτα
562 1897 650 1983 τομὴν
665 1896 695 1960 ἐν
709 1885 807 1988 ’ὄρεσσι
824 1891 967 1979 immo,

201 1993 279 2065 Oo'd
294 1993 480 2072 ἀναθηλήσει·
506 1995 572 2082 erpi
586 1999 644 2083 γάρ
664 1987 732 2086 ῥάὲ
752 1990 856 2083 χαλκὸς
878 1987 962 2086 ἔλεψε

204 2093 303 2161 etita
324 2117 356 2161 τε
375 2093 426 2158 καῖ
443 2089 531 2183 pierio
546 2085 585 2139 ⁵·

154 2186 189 2284 ξ.
215 2185 252 2260 3.
300 2183 423 2258 Aureis
446 2181 550 2258 claris
570 2181 629 2254 bic
645 2179 717 2256 illic
738 2181 853 2254 infixis
872 2179 1079 2282 splendebat
1099 2211 1177 2261 sce.

62 2313 63 2320 *
100 2296 250 2386 ptrurn,
284 2281 378 2355 unde
403 2292 542 2380 gnorubte
575 2283 664 2363 ἥλοισι
701 2309 777 2352 ceca
796 2293 876 2372 μένον
897 2279 1070 2356 dicitur4.
1120 2287 1176 2360 De

105 2382 233 2456 eodem
257 2381 456 2454 ornamenti
499 2403 604 2452 enere
624 2310 848 2474 cogitantium
872 2390 949 2468 est,
976 2407 1057 2454 cum
1072 2409 1176 2454 aureo

105 2492 246 2579 seeptro
264 2477 470 2577 insignitum
477 2405 642 2552 brimeu
657 2473 805 2574 legimus
821 2475 860 2567 ⁵,
886 2477 987 2578 quale
1006 2481 1044 2554 iu
1057 2483 1177 2556 inseris

104 2579 234 2662 habuit
254 2591 351 2652 vates
366 2577 539 2650 Tiresias:

252 2675 347 2749 'Hier
365 2677 394 2748 δ’
414 2683 461 2747 ἐπὶ
480 2683 559 2774 ψυχὴ
583 2678 717 2765 Θηβαίου
737 2679 883 2774 Tergestis

262 2780 390 2870 xptcev
409 2791 550 2872 σκῆπτρον
562 2772 641 2868 ’ἔχων
656 2775 685 2846 ⁶.

110 2875 222 2978 Cujus
224 2871 387 3046 dguidem
410 2873 540 2973 sceptri
575 2868 726 2944 ornandi
754 2873 862 2944 moris
891 2870 996 2972 plura
1021 2875 1178 2950 testimo·

110 2977 174 3048 nia
203 3001 223 3046 a
263 2995 339 3044 erre
366 2970 405 3044 in
427 2981 570 3070 promtu
595 2981 710 3061 esset,
745 2969 814 3042 nisi
842 2969 969 3043 modus
1004 2970 1181 3052 videretur

112 3069 345 3146 adhibendus.
1019 3119 1021 3124 ,

162 3169 193 3268 §.
221 3169 257 3264 4.
306 3163 568 3266 Antiquissimis
584 3163 801 3265 temporibus
828 3189 948 3263 regum
969 3181 1105 3270 sceptra
1118 3173 1183 3249 ha·

115 3280 186 3342 etas
199 3268 302 3342 imese
322 3266 512 3338 memoriae
522 3263 680 3364 prodidit
697 3264 855 3336 Justinus
872 3279 900 3337 t.
949 3265 1018 3340 Per
1042 3293 1104 3363 eu,
1130 3275 1185 3349 in.

167 3368 213 3457 it,
236 3363 351 3438 adbuc
379 3377 541 3476 ternpore
562 3385 660 3459 reges
681 3361 798 3436 hastas
818 3385 885 3462 pro
905 3361 1101 3442 diademate
1123 3369 1186 3442 ha-

120 3463 270 3557 ,ebant,
304 3487 390 3563 quas
417 3461 543 3536 Gneo
578 3479 712 3560 σκῆπτρα
739 3459 859 3536 dixere
875 3461 904 3534 ⁸.
963 3463 1043 3537 Hoc
1064 3469 1186 3569 utique

81 3593 88 3610 ·
399 3603 424 3618 ··
1123 3591 1187 3640 no·

153 3715 183 3785 r)
201 3712 264 3771 Viti.
275 3713 309 3772 ΙΙ.
323 3711 502 3784 xvn1‚557.
518 3711 567 3770 0d.
580 3711 638 3783 111,
653 3712 762 3780 ira-al.
786 3709 830 3768 Gi·
846 3712 904 3772 ne.
923 3719 948 3789 §.
961 3719 995 3785 5,
1012 3719 1038 3774 6.
1056 3725 1082 3771 et
1093 3715 1127 3774 ΙΙ.
1141 3717 1187 3792 ΙΙ,

120 3799 171 3864 186
185 3813 240 3868 req.
290 3793 661 3866 2)vir.1t11‚mscqq.
681 3793 1051 3867 ‹susurremus-t
1103 3799 1132 3868 5)
1149 3799 1184 3856 n.

119 3877 150 3948 Ι,
168 3879 218 3934 234
232 3894 302 3946 seqq.
379 3876 410 3946 t)
428 3875 463 3933 ΙΙ.
482 3875 547 3933 tt
566 3893 602 3936 vr.
617 3880 677 3935 246.
702 3879 939 3956 quodlomncnti
964 3895 1042 3947 gesur
1062 3877 1186 3937 heroibus

120 3961 241 4030 frequens
268 3969 324 4029 est,
345 3969 376 4014 ut
396 3957 440 4014 tic
467 3955 524 4012 illic
546 3957 696 4014 Lectoribur
725 3958 835 4029 patebit.
921 3959 957 4027 5)
975 3959 1024 4015 Od·
1047 3960 1100 4031 ΙΙΙ,
1124 3967 1185 4022 568.
1215 3995 1224 4034 .·

121 4041 151 4112 ὁ)
168 4040 220 4097 Od·
249 4039 314 4104 tt
338 4057 423 4111 vegs
441 4057 502 4112 req„
583 4039 613 4111 7)
630 4037 871 4099 nocerent
889 4042 955 4099 e.5.
1038 4041 1069 4112 8)
1087 4043 1185 4100 Eadem
1287 4036 1298 4058 '

120 4121 249 4192 protentis
268 4131 309 4176 ert
325 4119 451 4190 Btttiger.
463 4121 617 4191 Vucngeu.
628 4141 653 4180 a.
670 4119 698 4178 S.
715 4141 780 4194 ης,
796 4121 842 4179 cit.
858 4138 874 4175 a
888 4119 1003 4186 Nitrtcb.
1016 4122 1048 4182 td
1060 4123 1111 4186 Od.
1127 4123 1198 4195 ΙΙΙ,-

120 4206 281 4278 rob-m.
299 4203 345 4276 qui
357 4221 388 4258 ca
400 4201 484 4260 forna
498 4205 527 4262 in
538 4204 605 4262 mir
622 4213 723 4278 sceptra
737 4203 825 4259 adcsre
838 4201 959 4264 affirma

816 4299 871 4358 RS
