<?xml version="1.0" encoding="UTF-8"?>
<!DOCTYPE html PUBLIC "-//W3C//DTD XHTML 1.0 Transitional//EN"
    "http://www.w3.org/TR/xhtml1/DTD/xhtml1-transitional.dtd">
<html xmlns="http://www.w3.org/1999/xhtml" xml:lang="en" lang="en">
 <head>
  <title>
</title>
<meta http-equiv="Content-Type" content="text/html;charset=utf-8" />
  <meta name='ocr-system' content='tesseract 3.04.00' />
  <meta name='ocr-capabilities' content='ocr_page ocr_carea ocr_par ocr_line ocrx_word'/>
</head>
<body>
  <div class='ocr_page' id='page_1' title='image "./antiquitashomer00terpgoog_0353.png"; bbox 0 0 2862 4986; ppageno 0'>
   <div class='ocr_carea' id='block_1_1' title="bbox 411 337 1151 455">
    <p class='ocr_par' dir='ltr' id='par_1_1' title="bbox 411 337 1151 455">
     <span class='ocr_line' id='line_1_1' title="bbox 411 337 1151 455; baseline 0.005 -35"><span class='ocrx_word' id='word_1_1' title='bbox 411 337 851 455; x_wconf 77' lang='lat' dir='ltr'><strong>nouaarou</strong></span> <span class='ocrx_word' id='word_1_2' title='bbox 1077 337 1151 424; x_wconf 73' lang='lat' dir='ltr'><strong>aas</strong></span> 
     </span>
    </p>
   </div>
   <div class='ocr_carea' id='block_1_2' title="bbox 88 536 1198 712">
    <p class='ocr_par' dir='ltr' id='par_1_2' title="bbox 88 495 1198 712">
     <span class='ocr_line' id='line_1_2' title="bbox 88 536 1198 712; baseline -0.001 -97"><span class='ocrx_word' id='word_1_3' title='bbox 88 537 247 712; x_wconf 55' lang='lat' dir='ltr'><strong>{patireta</strong></span> <span class='ocrx_word' id='word_1_4' title='bbox 278 536 398 612; x_wconf 51' lang='lat' dir='ltr'><strong>luisse¹</strong></span> <span class='ocrx_word' id='word_1_5' title='bbox 418 549 622 629; x_wconf 77' lang='lat' dir='ltr'><strong>autumant,</strong></span> <span class='ocrx_word' id='word_1_6' title='bbox 658 552 695 612; x_wconf 87' lang='lat' dir='ltr'><strong>et</strong></span> <span class='ocrx_word' id='word_1_7' title='bbox 737 537 839 612; x_wconf 87' lang='lat' dir='ltr'><strong>binos</strong></span> <span class='ocrx_word' id='word_1_8' title='bbox 863 549 1003 614; x_wconf 83' lang='lat' dir='ltr'><strong>tanturn</strong></span> <span class='ocrx_word' id='word_1_9' title='bbox 1038 565 1146 640; x_wconf 87' lang='lat' dir='ltr'><strong>equos</strong></span> <span class='ocrx_word' id='word_1_10' title='bbox 1194 571 1198 582; x_wconf 94' lang='lat'>·</span> 
     </span>
    </p>
   </div>
   <div class='ocr_carea' id='block_1_3' title="bbox 93 633 1256 2498">
    <p class='ocr_par' dir='ltr' id='par_1_3' title="bbox 93 633 1151 938">
     <span class='ocr_line' id='line_1_3' title="bbox 129 633 1151 738; baseline 0.001 -27"><span class='ocrx_word' id='word_1_11' title='bbox 129 641 256 713; x_wconf 87' lang='lat' dir='ltr'><strong>ectoris</strong></span> <span class='ocrx_word' id='word_1_12' title='bbox 286 637 405 710; x_wconf 90' lang='lat' dir='ltr'><strong>currui</strong></span> <span class='ocrx_word' id='word_1_13' title='bbox 428 637 566 738; x_wconf 78' lang='lat' dir='ltr'><strong>junctos</strong></span> <span class='ocrx_word' id='word_1_14' title='bbox 597 649 815 730; x_wconf 84' lang='lat' dir='ltr'><strong>agnoscunt,</strong></span> <span class='ocrx_word' id='word_1_15' title='bbox 854 663 893 709; x_wconf 90' lang='lat' dir='ltr'><strong>ea</strong></span> <span class='ocrx_word' id='word_1_16' title='bbox 918 633 1016 712; x_wconf 84' lang='lat' dir='ltr'><strong>ducti</strong></span> <span class='ocrx_word' id='word_1_17' title='bbox 1048 640 1151 712; x_wconf 88' lang='lat' dir='ltr'><strong>ratio·</strong></span> 
     </span>
     <span class='ocr_line' id='line_1_4' title="bbox 93 733 1148 836; baseline 0 -25"><span class='ocrx_word' id='word_1_18' title='bbox 93 764 158 826; x_wconf 90' lang='lat' dir='ltr'><strong>ne,</strong></span> <span class='ocrx_word' id='word_1_19' title='bbox 184 733 278 836; x_wconf 89' lang='lat' dir='ltr'><strong>quod</strong></span> <span class='ocrx_word' id='word_1_20' title='bbox 295 734 388 807; x_wconf 91' lang='lat' dir='ltr'><strong>duali</strong></span> <span class='ocrx_word' id='word_1_21' title='bbox 408 760 556 807; x_wconf 88' lang='lat' dir='ltr'><strong>numero</strong></span> <span class='ocrx_word' id='word_1_22' title='bbox 578 755 662 808; x_wconf 89' lang='lat' dir='ltr'><strong>usus</strong></span> <span class='ocrx_word' id='word_1_23' title='bbox 681 733 813 807; x_wconf 82' lang='lat' dir='ltr'><strong>Hector</strong></span> <span class='ocrx_word' id='word_1_24' title='bbox 837 734 1148 836; x_wconf 75' lang='lat' dir='ltr'><strong>praecedentibus,</strong></span> 
     </span>
     <span class='ocr_line' id='line_1_5' title="bbox 93 829 589 938; baseline -0.012 -28"><span class='ocrx_word' id='word_1_25' title='bbox 93 860 183 938; x_wconf 86' lang='lat' dir='ltr'><strong>quse</strong></span> <span class='ocrx_word' id='word_1_26' title='bbox 198 834 381 925; x_wconf 85' lang='lat' dir='ltr'><strong>dedimus,</strong></span> <span class='ocrx_word' id='word_1_27' title='bbox 409 829 589 930; x_wconf 82' lang='lat' dir='ltr'><strong>adjungat:</strong></span> 
     </span>
    </p>

    <p class='ocr_par' dir='ltr' id='par_1_4' title="bbox 192 932 850 1026">
     <span class='ocr_line' id='line_1_6' title="bbox 192 932 850 1026; baseline 0.002 -22"><span class='ocrx_word' id='word_1_28' title='bbox 192 936 257 1004; x_wconf 77' lang='grc' dir='ltr'><strong>Νῦν</strong></span> <span class='ocrx_word' id='word_1_29' title='bbox 273 963 319 1026; x_wconf 75' lang='lat' dir='ltr'><strong>pst</strong></span> <span class='ocrx_word' id='word_1_30' title='bbox 339 941 391 1016; x_wconf 79' lang='grc' dir='ltr'><strong>τὴν</strong></span> <span class='ocrx_word' id='word_1_31' title='bbox 411 932 526 1024; x_wconf 74' lang='grc' dir='ltr'><em>κομιδὴν</em></span> <span class='ocrx_word' id='word_1_32' title='bbox 544 941 699 1004; x_wconf 75' lang='grc' dir='ltr'>ἀποτίνετον</span> <span class='ocrx_word' id='word_1_33' title='bbox 719 961 749 1004; x_wconf 81' lang='grc' dir='ltr'><strong>κ.</strong></span> <span class='ocrx_word' id='word_1_34' title='bbox 775 959 804 1006; x_wconf 83' lang='grc' dir='ltr'><strong>τ.</strong></span> <span class='ocrx_word' id='word_1_35' title='bbox 821 934 850 1006; x_wconf 76' lang='lat' dir='ltr'><strong>l.</strong></span> 
     </span>
    </p>

    <p class='ocr_par' dir='ltr' id='par_1_5' title="bbox 94 1026 1256 2498">
     <span class='ocr_line' id='line_1_7' title="bbox 97 1026 1155 1124; baseline 0 -18"><span class='ocrx_word' id='word_1_36' title='bbox 97 1030 169 1106; x_wconf 80' lang='lat' dir='ltr'><strong>Atii</strong></span> <span class='ocrx_word' id='word_1_37' title='bbox 198 1053 279 1100; x_wconf 88' lang='lat' dir='ltr'><strong>vero</strong></span> <span class='ocrx_word' id='word_1_38' title='bbox 305 1029 356 1102; x_wconf 90' lang='lat' dir='ltr'><strong>ita</strong></span> <span class='ocrx_word' id='word_1_39' title='bbox 384 1052 522 1100; x_wconf 86' lang='lat' dir='ltr'><strong>versum</strong></span> <span class='ocrx_word' id='word_1_40' title='bbox 550 1026 730 1101; x_wconf 89' lang='lat' dir='ltr'><strong>laudatum</strong></span> <span class='ocrx_word' id='word_1_41' title='bbox 757 1041 919 1117; x_wconf 87' lang='lat' dir='ltr'><strong>tuentur,</strong></span> <span class='ocrx_word' id='word_1_42' title='bbox 943 1041 984 1102; x_wconf 90' lang='lat' dir='ltr'><strong>ut</strong></span> <span class='ocrx_word' id='word_1_43' title='bbox 1012 1027 1155 1124; x_wconf 86' lang='lat' dir='ltr'><strong>dicant,</strong></span> 
     </span>
     <span class='ocr_line' id='line_1_8' title="bbox 94 1125 1157 1226; baseline -0.002 -22"><span class='ocrx_word' id='word_1_44' title='bbox 94 1129 311 1215; x_wconf 83' lang='lat' dir='ltr'><strong>Hectorem,</strong></span> <span class='ocrx_word' id='word_1_45' title='bbox 347 1125 515 1226; x_wconf 89' lang='lat' dir='ltr'><strong>equestris</strong></span> <span class='ocrx_word' id='word_1_46' title='bbox 544 1128 676 1226; x_wconf 86' lang='lat' dir='ltr'><strong>quippe</strong></span> <span class='ocrx_word' id='word_1_47' title='bbox 710 1125 761 1199; x_wconf 89' lang='lat' dir='ltr'><strong>rei</strong></span> <span class='ocrx_word' id='word_1_48' title='bbox 788 1127 1056 1226; x_wconf 83' lang='lat' dir='ltr'><strong>peritissimum,</strong></span> <span class='ocrx_word' id='word_1_49' title='bbox 1092 1155 1157 1202; x_wconf 94' lang='lat' dir='ltr'><strong>no·</strong></span> 
     </span>
     <span class='ocr_line' id='line_1_9' title="bbox 97 1222 1158 1328; baseline 0 -28"><span class='ocrx_word' id='word_1_50' title='bbox 97 1251 197 1300; x_wconf 79' lang='lat' dir='ltr'><strong>rasse</strong></span> <span class='ocrx_word' id='word_1_51' title='bbox 219 1224 286 1296; x_wconf 89' lang='lat' dir='ltr'><strong>hoc</strong></span> <span class='ocrx_word' id='word_1_52' title='bbox 306 1223 439 1324; x_wconf 83' lang='lat' dir='ltr'><strong>ipsum,</strong></span> <span class='ocrx_word' id='word_1_53' title='bbox 464 1222 560 1324; x_wconf 92' lang='lat' dir='ltr'><strong>quod</strong></span> <span class='ocrx_word' id='word_1_54' title='bbox 581 1250 646 1324; x_wconf 94' lang='lat' dir='ltr'><strong>pro</strong></span> <span class='ocrx_word' id='word_1_55' title='bbox 662 1223 758 1296; x_wconf 84' lang='lat' dir='ltr'><strong>binis</strong></span> <span class='ocrx_word' id='word_1_56' title='bbox 783 1249 867 1298; x_wconf 83' lang='lat' dir='ltr'><strong>usus</strong></span> <span class='ocrx_word' id='word_1_57' title='bbox 887 1237 941 1298; x_wconf 89' lang='lat' dir='ltr'><strong>est</strong></span> <span class='ocrx_word' id='word_1_58' title='bbox 961 1225 1158 1328; x_wconf 79' lang='lat' dir='ltr'><strong>quadrigis,</strong></span> 
     </span>
     <span class='ocr_line' id='line_1_10' title="bbox 96 1315 1160 1426; baseline 0 -29"><span class='ocrx_word' id='word_1_59' title='bbox 96 1323 194 1398; x_wconf 89' lang='lat' dir='ltr'><strong>binis</strong></span> <span class='ocrx_word' id='word_1_60' title='bbox 227 1323 313 1395; x_wconf 88' lang='lat' dir='ltr'><strong>lorte</strong></span> <span class='ocrx_word' id='word_1_61' title='bbox 350 1315 539 1421; x_wconf 79' lang='lat' dir='ltr'><strong>jugalibus,</strong></span> <span class='ocrx_word' id='word_1_62' title='bbox 580 1335 616 1394; x_wconf 90' lang='lat' dir='ltr'><strong>et</strong></span> <span class='ocrx_word' id='word_1_63' title='bbox 650 1319 745 1394; x_wconf 92' lang='lat' dir='ltr'><strong>binis</strong></span> <span class='ocrx_word' id='word_1_64' title='bbox 786 1333 959 1420; x_wconf 77' lang='grc' dir='ltr'>παρηόροιςε</span> <span class='ocrx_word' id='word_1_65' title='bbox 1005 1322 1160 1426; x_wconf 85' lang='lat' dir='ltr'><strong>adeoque</strong></span> 
     </span>
     <span class='ocr_line' id='line_1_11' title="bbox 99 1415 1161 1519; baseline -0.002 -23"><span class='ocrx_word' id='word_1_66' title='bbox 99 1423 241 1496; x_wconf 88' lang='lat' dir='ltr'><strong>Hectori</strong></span> <span class='ocrx_word' id='word_1_67' title='bbox 258 1415 345 1492; x_wconf 93' lang='lat' dir='ltr'><strong>illud</strong></span> <span class='ocrx_word' id='word_1_68' title='bbox 366 1418 473 1492; x_wconf 87' lang='lat' dir='ltr'><strong>fuisse</strong></span> <span class='ocrx_word' id='word_1_69' title='bbox 496 1420 702 1519; x_wconf 85' lang='lat' dir='ltr'><strong>proprium:</strong></span> <span class='ocrx_word' id='word_1_70' title='bbox 727 1415 867 1494; x_wconf 78' lang='lat' dir='ltr'><strong>dualem</strong></span> <span class='ocrx_word' id='word_1_71' title='bbox 890 1432 1007 1494; x_wconf 89' lang='lat' dir='ltr'><strong>autem</strong></span> <span class='ocrx_word' id='word_1_72' title='bbox 1036 1447 1161 1496; x_wconf 85' lang='lat' dir='ltr'><strong>nume·</strong></span> 
     </span>
     <span class='ocr_line' id='line_1_12' title="bbox 99 1515 1159 1619; baseline -0.001 -25"><span class='ocrx_word' id='word_1_73' title='bbox 99 1547 183 1594; x_wconf 91' lang='lat' dir='ltr'><strong>rum</strong></span> <span class='ocrx_word' id='word_1_74' title='bbox 212 1544 276 1618; x_wconf 93' lang='lat' dir='ltr'><strong>pro</strong></span> <span class='ocrx_word' id='word_1_75' title='bbox 295 1515 423 1618; x_wconf 85' lang='lat' dir='ltr'><strong>plurali</strong></span> <span class='ocrx_word' id='word_1_76' title='bbox 448 1541 523 1590; x_wconf 88' lang='lat' dir='ltr'><strong>esse</strong></span> <span class='ocrx_word' id='word_1_77' title='bbox 542 1519 695 1618; x_wconf 84' lang='lat' dir='ltr'><strong>positum</strong></span> <span class='ocrx_word' id='word_1_78' title='bbox 712 1531 740 1589; x_wconf 83' lang='lat'><strong>¹.</strong></span> <span class='ocrx_word' id='word_1_79' title='bbox 791 1517 949 1618; x_wconf 85' lang='lat' dir='ltr'><strong>Heynius</strong></span> <span class='ocrx_word' id='word_1_80' title='bbox 983 1517 1159 1619; x_wconf 83' lang='lat' dir='ltr'><strong>denique,</strong></span> 
     </span>
     <span class='ocr_line' id='line_1_13' title="bbox 102 1612 1163 1718; baseline 0.001 -26"><span class='ocrx_word' id='word_1_81' title='bbox 102 1619 274 1704; x_wconf 88' lang='lat' dir='ltr'><strong>nimium,</strong></span> <span class='ocrx_word' id='word_1_82' title='bbox 313 1616 450 1714; x_wconf 90' lang='lat' dir='ltr'><strong>inquit,</strong></span> <span class='ocrx_word' id='word_1_83' title='bbox 485 1613 583 1688; x_wconf 93' lang='lat' dir='ltr'><strong>locus</strong></span> <span class='ocrx_word' id='word_1_84' title='bbox 612 1612 746 1710; x_wconf 76' lang='lat' dir='ltr'><strong>redolet</strong></span> <span class='ocrx_word' id='word_1_85' title='bbox 784 1614 1043 1713; x_wconf 82' lang='lat' dir='ltr'><strong>interpolatoris</strong></span> <span class='ocrx_word' id='word_1_86' title='bbox 1078 1643 1163 1718; x_wconf 78' lang='lat' dir='ltr'><strong>opo-</strong></span> 
     </span>
     <span class='ocr_line' id='line_1_14' title="bbox 104 1709 1256 1812; baseline 0.003 -23"><span class='ocrx_word' id='word_1_87' title='bbox 104 1742 181 1789; x_wconf 88' lang='lat' dir='ltr'><strong>ram</strong></span> <span class='ocrx_word' id='word_1_88' title='bbox 206 1712 296 1787; x_wconf 90' lang='lat' dir='ltr'><strong>male</strong></span> <span class='ocrx_word' id='word_1_89' title='bbox 330 1710 489 1785; x_wconf 87' lang='lat' dir='ltr'><strong>sedulam</strong></span> <span class='ocrx_word' id='word_1_90' title='bbox 505 1727 535 1784; x_wconf 80' lang='lat'><strong>².</strong></span> <span class='ocrx_word' id='word_1_91' title='bbox 584 1711 639 1782; x_wconf 93' lang='lat' dir='ltr'><strong>De</strong></span> <span class='ocrx_word' id='word_1_92' title='bbox 661 1709 789 1812; x_wconf 87' lang='lat' dir='ltr'><strong>quibus</strong></span> <span class='ocrx_word' id='word_1_93' title='bbox 813 1715 902 1787; x_wconf 89' lang='lat' dir='ltr'><strong>certi</strong></span> <span class='ocrx_word' id='word_1_94' title='bbox 930 1713 1015 1812; x_wconf 90' lang='lat' dir='ltr'><strong>quid</strong></span> <span class='ocrx_word' id='word_1_95' title='bbox 1035 1717 1166 1792; x_wconf 84' lang='lat' dir='ltr'><strong>consti·</strong></span> <span class='ocrx_word' id='word_1_96' title='bbox 1252 1743 1256 1750; x_wconf 90' lang='lat'>·</span> 
     </span>
     <span class='ocr_line' id='line_1_15' title="bbox 105 1807 1165 1904; baseline 0.001 -17"><span class='ocrx_word' id='word_1_97' title='bbox 105 1827 238 1901; x_wconf 88' lang='lat' dir='ltr'><strong>tuere,</strong></span> <span class='ocrx_word' id='word_1_98' title='bbox 280 1809 487 1882; x_wconf 85' lang='lat' dir='ltr'><strong>temeritatis</strong></span> <span class='ocrx_word' id='word_1_99' title='bbox 531 1807 631 1882; x_wconf 85' lang='lat' dir='ltr'><strong>foret.</strong></span> <span class='ocrx_word' id='word_1_100' title='bbox 702 1807 835 1882; x_wconf 90' lang='lat' dir='ltr'><strong>Eadem</strong></span> <span class='ocrx_word' id='word_1_101' title='bbox 876 1822 996 1884; x_wconf 87' lang='lat' dir='ltr'><strong>tamen</strong></span> <span class='ocrx_word' id='word_1_102' title='bbox 1047 1812 1165 1904; x_wconf 89' lang='lat' dir='ltr'><strong>mihi,</strong></span> 
     </span>
     <span class='ocr_line' id='line_1_16' title="bbox 107 1903 1168 2010; baseline -0.002 -24"><span class='ocrx_word' id='word_1_103' title='bbox 107 1913 245 2010; x_wconf 88' lang='lat' dir='ltr'><strong>saepius</strong></span> <span class='ocrx_word' id='word_1_104' title='bbox 275 1903 321 1980; x_wconf 88' lang='lat' dir='ltr'><strong>de</strong></span> <span class='ocrx_word' id='word_1_105' title='bbox 345 1906 422 1981; x_wconf 90' lang='lat' dir='ltr'><strong>loco</strong></span> <span class='ocrx_word' id='word_1_106' title='bbox 444 1907 548 1980; x_wconf 90' lang='lat' dir='ltr'><strong>citato</strong></span> <span class='ocrx_word' id='word_1_107' title='bbox 576 1929 716 1978; x_wconf 88' lang='lat' dir='ltr'><strong>mecum</strong></span> <span class='ocrx_word' id='word_1_108' title='bbox 738 1907 918 2005; x_wconf 81' lang='lat' dir='ltr'><strong>cogitanti,</strong></span> <span class='ocrx_word' id='word_1_109' title='bbox 942 1911 1094 2009; x_wconf 88' lang='lat' dir='ltr'><strong>suspicio</strong></span> <span class='ocrx_word' id='word_1_110' title='bbox 1111 1937 1168 1984; x_wconf 91' lang='lat' dir='ltr'><strong>su-</strong></span> 
     </span>
     <span class='ocr_line' id='line_1_17' title="bbox 108 2004 1170 2108; baseline 0.002 -26"><span class='ocrx_word' id='word_1_111' title='bbox 108 2009 196 2097; x_wconf 86' lang='lat' dir='ltr'><strong>biit,</strong></span> <span class='ocrx_word' id='word_1_112' title='bbox 231 2031 336 2108; x_wconf 91' lang='lat' dir='ltr'><strong>quam</strong></span> <span class='ocrx_word' id='word_1_113' title='bbox 372 2004 564 2104; x_wconf 80' lang='lat' dir='ltr'><strong>Ko&#39;ppenio</strong></span> <span class='ocrx_word' id='word_1_114' title='bbox 600 2016 641 2074; x_wconf 88' lang='lat' dir='ltr'><strong>ut</strong></span> <span class='ocrx_word' id='word_1_115' title='bbox 672 2004 965 2079; x_wconf 76' lang='lat' dir='ltr'><strong>verosimillimum</strong></span> <span class='ocrx_word' id='word_1_116' title='bbox 1000 2005 1170 2107; x_wconf 81' lang='lat' dir='ltr'><strong>placuisse</strong></span> 
     </span>
     <span class='ocr_line' id='line_1_18' title="bbox 109 2099 1170 2200; baseline 0.002 -20"><span class='ocrx_word' id='word_1_117' title='bbox 109 2106 221 2182; x_wconf 86' lang='lat' dir='ltr'><strong>laetus</strong></span> <span class='ocrx_word' id='word_1_118' title='bbox 248 2102 331 2176; x_wconf 91' lang='lat' dir='ltr'><strong>dein</strong></span> <span class='ocrx_word' id='word_1_119' title='bbox 349 2099 525 2200; x_wconf 85' lang='lat' dir='ltr'><strong>cognovi,</strong></span> <span class='ocrx_word' id='word_1_120' title='bbox 561 2108 744 2174; x_wconf 87' lang='lat' dir='ltr'><strong>Hectorem</strong></span> <span class='ocrx_word' id='word_1_121' title='bbox 775 2102 934 2195; x_wconf 88' lang='lat' dir='ltr'><strong>scilicet,</strong></span> <span class='ocrx_word' id='word_1_122' title='bbox 957 2102 1061 2178; x_wconf 85' lang='lat' dir='ltr'><strong>binos</strong></span> <span class='ocrx_word' id='word_1_123' title='bbox 1092 2121 1170 2183; x_wconf 87' lang='lat' dir='ltr'><strong>tsn-</strong></span> 
     </span>
     <span class='ocr_line' id='line_1_19' title="bbox 110 2195 1170 2302; baseline 0.001 -28"><span class='ocrx_word' id='word_1_124' title='bbox 110 2215 187 2278; x_wconf 87' lang='lat' dir='ltr'><strong>tum</strong></span> <span class='ocrx_word' id='word_1_125' title='bbox 209 2227 317 2302; x_wconf 87' lang='lat' dir='ltr'><strong>equos</strong></span> <span class='ocrx_word' id='word_1_126' title='bbox 347 2196 500 2299; x_wconf 87' lang='lat' dir='ltr'><strong>jugales,</strong></span> <span class='ocrx_word' id='word_1_127' title='bbox 532 2211 572 2272; x_wconf 89' lang='lat' dir='ltr'><strong>ut</strong></span> <span class='ocrx_word' id='word_1_128' title='bbox 602 2200 663 2300; x_wconf 92' lang='lat' dir='ltr'><strong>qui</strong></span> <span class='ocrx_word' id='word_1_129' title='bbox 692 2195 756 2272; x_wconf 91' lang='lat' dir='ltr'><strong>soli</strong></span> <span class='ocrx_word' id='word_1_130' title='bbox 790 2225 933 2274; x_wconf 89' lang='lat' dir='ltr'><strong>currum</strong></span> <span class='ocrx_word' id='word_1_131' title='bbox 966 2201 1170 2293; x_wconf 82' lang='lat' dir='ltr'><strong>trahebant,</strong></span> 
     </span>
     <span class='ocr_line' id='line_1_20' title="bbox 111 2295 1174 2401; baseline 0.001 -27"><span class='ocrx_word' id='word_1_132' title='bbox 111 2303 300 2400; x_wconf 85' lang='lat' dir='ltr'><strong>cogitasse,</strong></span> <span class='ocrx_word' id='word_1_133' title='bbox 332 2299 488 2397; x_wconf 90' lang='lat' dir='ltr'><strong>adeoque</strong></span> <span class='ocrx_word' id='word_1_134' title='bbox 516 2295 609 2372; x_wconf 90' lang='lat' dir='ltr'><strong>duali</strong></span> <span class='ocrx_word' id='word_1_135' title='bbox 629 2320 776 2370; x_wconf 87' lang='lat' dir='ltr'><strong>numero</strong></span> <span class='ocrx_word' id='word_1_136' title='bbox 795 2323 898 2372; x_wconf 89' lang='lat' dir='ltr'><strong>usum</strong></span> <span class='ocrx_word' id='word_1_137' title='bbox 932 2322 1032 2394; x_wconf 87' lang='lat' dir='ltr'><strong>esse,</strong></span> <span class='ocrx_word' id='word_1_138' title='bbox 1057 2325 1174 2401; x_wconf 89' lang='lat' dir='ltr'><strong>neque</strong></span> 
     </span>
     <span class='ocr_line' id='line_1_21' title="bbox 115 2395 1174 2498; baseline 0 -25"><span class='ocrx_word' id='word_1_139' title='bbox 115 2399 218 2474; x_wconf 88' lang='lat' dir='ltr'><strong>aliter</strong></span> <span class='ocrx_word' id='word_1_140' title='bbox 240 2423 305 2498; x_wconf 90' lang='lat' dir='ltr'><strong>per</strong></span> <span class='ocrx_word' id='word_1_141' title='bbox 327 2397 377 2470; x_wconf 89' lang='lat' dir='ltr'><strong>rei</strong></span> <span class='ocrx_word' id='word_1_142' title='bbox 398 2411 558 2468; x_wconf 86' lang='lat' dir='ltr'><strong>naturam</strong></span> <span class='ocrx_word' id='word_1_143' title='bbox 579 2396 744 2496; x_wconf 87' lang='lat' dir='ltr'><strong>potuisse.</strong></span> <span class='ocrx_word' id='word_1_144' title='bbox 793 2395 888 2470; x_wconf 88' lang='lat' dir='ltr'><strong>Haec</strong></span> <span class='ocrx_word' id='word_1_145' title='bbox 914 2397 1013 2477; x_wconf 87' lang='lat' dir='ltr'><strong>euim</strong></span> <span class='ocrx_word' id='word_1_146' title='bbox 1036 2397 1082 2474; x_wconf 83' lang='lat' dir='ltr'><strong>ad</strong></span> <span class='ocrx_word' id='word_1_147' title='bbox 1107 2411 1174 2487; x_wconf 80' lang='grc' dir='ltr'>ζευ·</span> 
     </span>
    </p>
   </div>
   <div class='ocr_carea' id='block_1_4' title="bbox 58 2489 1267 3380">
    <p class='ocr_par' dir='ltr' id='par_1_6' title="bbox 116 2489 591 2599">
     <span class='ocr_line' id='line_1_22' title="bbox 116 2489 591 2599; baseline -0.006 -30"><span class='ocrx_word' id='word_1_148' title='bbox 116 2521 197 2599; x_wconf 60' lang='lat' dir='ltr'><strong>&gt;arae</strong></span> <span class='ocrx_word' id='word_1_149' title='bbox 215 2495 423 2568; x_wconf 80' lang='lat' dir='ltr'><strong>nominatim</strong></span> <span class='ocrx_word' id='word_1_150' title='bbox 437 2489 591 2567; x_wconf 90' lang='lat' dir='ltr'><strong>dicebat:</strong></span> 
     </span>
    </p>

    <p class='ocr_par' dir='ltr' id='par_1_7' title="bbox 219 2593 1150 2688">
     <span class='ocr_line' id='line_1_23' title="bbox 219 2593 1150 2688; baseline -0.001 -22"><span class='ocrx_word' id='word_1_151' title='bbox 219 2597 282 2668; x_wconf 80' lang='grc' dir='ltr'><strong>Νῦν</strong></span> <span class='ocrx_word' id='word_1_152' title='bbox 306 2625 353 2688; x_wconf 80' lang='grc' dir='ltr'><strong>μοι</strong></span> <span class='ocrx_word' id='word_1_153' title='bbox 375 2603 426 2674; x_wconf 77' lang='grc' dir='ltr'><strong>τὴν</strong></span> <span class='ocrx_word' id='word_1_154' title='bbox 443 2593 558 2687; x_wconf 65' lang='lat' dir='ltr'><strong>septulo</strong></span> <span class='ocrx_word' id='word_1_155' title='bbox 579 2601 734 2664; x_wconf 59' lang='lat' dir='ltr'><strong>&amp;antistas</strong></span> <span class='ocrx_word' id='word_1_156' title='bbox 750 2625 783 2666; x_wconf 83' lang='grc' dir='ltr'><strong>κ.</strong></span> <span class='ocrx_word' id='word_1_157' title='bbox 806 2621 835 2668; x_wconf 77' lang='grc' dir='ltr'><strong>τ.</strong></span> <span class='ocrx_word' id='word_1_158' title='bbox 856 2597 886 2666; x_wconf 80' lang='grc' dir='ltr'><strong>λ.</strong></span> <span class='ocrx_word' id='word_1_159' title='bbox 1146 2664 1150 2673; x_wconf 79' lang='grc'>,</span> 
     </span>
    </p>

    <p class='ocr_par' dir='ltr' id='par_1_8' title="bbox 222 2689 1028 2792">
     <span class='ocr_line' id='line_1_24' title="bbox 222 2689 1028 2792; baseline -0.005 -24"><span class='ocrx_word' id='word_1_160' title='bbox 222 2741 234 2768; x_wconf 67' lang='grc' dir='ltr'>ι</span> <span class='ocrx_word' id='word_1_161' title='bbox 262 2744 271 2765; x_wconf 87' lang='grc'><strong>.</strong></span> <span class='ocrx_word' id='word_1_162' title='bbox 300 2747 308 2763; x_wconf 89' lang='grc'><strong>.</strong></span> <span class='ocrx_word' id='word_1_163' title='bbox 335 2745 344 2764; x_wconf 93' lang='grc'><strong>.</strong></span> <span class='ocrx_word' id='word_1_164' title='bbox 368 2703 529 2789; x_wconf 75' lang='grc' dir='ltr'>ἀφορμεῖτσν</span> <span class='ocrx_word' id='word_1_165' title='bbox 549 2696 599 2760; x_wconf 82' lang='grc' dir='ltr'><em>καί</em></span> <span class='ocrx_word' id='word_1_166' title='bbox 608 2695 773 2782; x_wconf 66' lang='lat' dir='ltr'><strong>oraturo,</strong></span> <span class='ocrx_word' id='word_1_167' title='bbox 796 2689 1028 2792; x_wconf 47' lang='lat' dir='ltr'><strong>ippa&#39;iegdopw</strong></span> 
     </span>
    </p>

    <p class='ocr_par' dir='ltr' id='par_1_9' title="bbox 58 2781 1267 3380">
     <span class='ocr_line' id='line_1_25' title="bbox 212 2781 1156 2886; baseline -0.003 -25"><span class='ocrx_word' id='word_1_168' title='bbox 212 2785 337 2863; x_wconf 67' lang='lat' dir='ltr'><strong>’Amida</strong></span> <span class='ocrx_word' id='word_1_169' title='bbox 357 2793 518 2886; x_wconf 75' lang='grc' dir='ltr'><strong>Νεστορέην</strong></span> <span class='ocrx_word' id='word_1_170' title='bbox 535 2818 564 2858; x_wconf 88' lang='grc' dir='ltr'><strong>κ.</strong></span> <span class='ocrx_word' id='word_1_171' title='bbox 583 2817 611 2859; x_wconf 92' lang='grc' dir='ltr'><strong>τ.</strong></span> <span class='ocrx_word' id='word_1_172' title='bbox 630 2791 658 2860; x_wconf 80' lang='grc' dir='ltr'><strong>λ.</strong></span> <span class='ocrx_word' id='word_1_173' title='bbox 676 2781 706 2862; x_wconf 71' lang='lat'><strong>³.</strong></span> <span class='ocrx_word' id='word_1_174' title='bbox 1151 2855 1156 2864; x_wconf 88' lang='grc'>,</span> 
     </span>
     <span class='ocr_line' id='line_1_26' title="bbox 114 2881 1179 2987; baseline -0.001 -26"><span class='ocrx_word' id='word_1_175' title='bbox 114 2885 297 2987; x_wconf 88' lang='lat' dir='ltr'><strong>Quidquid</strong></span> <span class='ocrx_word' id='word_1_176' title='bbox 321 2887 387 2974; x_wconf 84' lang='lat' dir='ltr'><strong>sit,</strong></span> <span class='ocrx_word' id='word_1_177' title='bbox 412 2881 657 2986; x_wconf 87' lang='lat' dir='ltr'><strong>quadrigarum</strong></span> <span class='ocrx_word' id='word_1_178' title='bbox 674 2909 778 2956; x_wconf 88' lang='lat' dir='ltr'><strong>usum</strong></span> <span class='ocrx_word' id='word_1_179' title='bbox 800 2883 947 2958; x_wconf 86' lang='lat' dir='ltr'><strong>Homeri</strong></span> <span class='ocrx_word' id='word_1_180' title='bbox 975 2896 1070 2960; x_wconf 87' lang='lat' dir='ltr'><strong>certe</strong></span> <span class='ocrx_word' id='word_1_181' title='bbox 1090 2897 1179 2960; x_wconf 90' lang='lat' dir='ltr'><strong>tem·</strong></span> 
     </span>
     <span class='ocr_line' id='line_1_27' title="bbox 115 2978 1267 3090; baseline -0.003 -32"><span class='ocrx_word' id='word_1_182' title='bbox 115 3011 202 3090; x_wconf 91' lang='lat' dir='ltr'><strong>pore</strong></span> <span class='ocrx_word' id='word_1_183' title='bbox 233 3012 304 3058; x_wconf 88' lang='lat' dir='ltr'><strong>non</strong></span> <span class='ocrx_word' id='word_1_184' title='bbox 329 2985 485 3082; x_wconf 87' lang='lat' dir='ltr'><strong>ignotum</strong></span> <span class='ocrx_word' id='word_1_185' title='bbox 511 2983 614 3056; x_wconf 85' lang='lat' dir='ltr'><strong>luisse</strong></span> <span class='ocrx_word' id='word_1_186' title='bbox 640 3005 684 3054; x_wconf 86' lang='lat' dir='ltr'><strong>ex</strong></span> <span class='ocrx_word' id='word_1_187' title='bbox 715 2981 890 3081; x_wconf 82' lang='lat' dir='ltr'><strong>Odysseae</strong></span> <span class='ocrx_word' id='word_1_188' title='bbox 919 2979 1010 3058; x_wconf 86' lang='lat' dir='ltr'><strong>libro</strong></span> <span class='ocrx_word' id='word_1_189' title='bbox 1037 2978 1177 3056; x_wconf 83' lang='lat' dir='ltr'><strong>decimo</strong></span> <span class='ocrx_word' id='word_1_190' title='bbox 1263 2995 1267 3002; x_wconf 83' lang='grc'><em>’</em></span> 
     </span>
     <span class='ocr_line' id='line_1_28' title="bbox 119 3081 1178 3184; baseline 0 -25"><span class='ocrx_word' id='word_1_191' title='bbox 119 3085 240 3172; x_wconf 88' lang='lat' dir='ltr'><strong>tertio,</strong></span> <span class='ocrx_word' id='word_1_192' title='bbox 276 3106 345 3184; x_wconf 91' lang='lat' dir='ltr'><strong>quo</strong></span> <span class='ocrx_word' id='word_1_193' title='bbox 379 3081 577 3154; x_wconf 87' lang='lat' dir='ltr'><strong>Phaeacum</strong></span> <span class='ocrx_word' id='word_1_194' title='bbox 608 3104 733 3153; x_wconf 89' lang='lat' dir='ltr'><strong>navem</strong></span> <span class='ocrx_word' id='word_1_195' title='bbox 759 3105 825 3182; x_wconf 84' lang='lat' dir='ltr'><strong>per</strong></span> <span class='ocrx_word' id='word_1_196' title='bbox 853 3105 949 3154; x_wconf 71' lang='lat' dir='ltr'><strong>mue</strong></span> <span class='ocrx_word' id='word_1_197' title='bbox 969 3097 1178 3160; x_wconf 73' lang='lat' dir='ltr'><strong>vcurrentem</strong></span> 
     </span>
     <span class='ocr_line' id='line_1_29' title="bbox 58 3179 1035 3280; baseline -0.011 -23"><span class='ocrx_word' id='word_1_198' title='bbox 58 3265 62 3272; x_wconf 56' lang='grc'>,</span> <span class='ocrx_word' id='word_1_199' title='bbox 120 3179 311 3271; x_wconf 81' lang='lat' dir='ltr'><strong>describit,</strong></span> <span class='ocrx_word' id='word_1_200' title='bbox 335 3179 516 3252; x_wconf 80' lang='lat' dir='ltr'><strong>manifeste</strong></span> <span class='ocrx_word' id='word_1_201' title='bbox 536 3191 702 3280; x_wconf 88' lang='lat' dir='ltr'><strong>apparet:</strong></span> <span class='ocrx_word' id='word_1_202' title='bbox 1032 3243 1035 3252; x_wconf 83' lang='grc'>,</span> 
     </span>
     <span class='ocr_line' id='line_1_30' title="bbox 220 3273 1160 3380; baseline 0 -28"><span class='ocrx_word' id='word_1_203' title='bbox 220 3274 589 3374; x_wconf 54' lang='lat' dir='ltr'><strong>...wlodoweio</strong></span> <span class='ocrx_word' id='word_1_204' title='bbox 617 3273 1041 3380; x_wconf 54' lang='lat' dir='ltr'><strong>sergiopoliipcaminrm,</strong></span> <span class='ocrx_word' id='word_1_205' title='bbox 1150 3273 1160 3282; x_wconf 69' lang='grc'><strong>’</strong></span> 
     </span>
    </p>
   </div>
   <div class='ocr_carea' id='block_1_5' title="bbox 1104 3381 1220 3454">
    <p class='ocr_par' dir='ltr' id='par_1_10' title="bbox 1104 3381 1220 3454">
     <span class='ocr_line' id='line_1_31' title="bbox 1104 3381 1220 3454; baseline 0 -40"><span class='ocrx_word' id='word_1_206' title='bbox 1104 3381 1187 3454; x_wconf 55' lang='lat' dir='ltr'><strong>fl,</strong></span> <span class='ocrx_word' id='word_1_207' title='bbox 1216 3407 1220 3414; x_wconf 85' lang='lat'>.</span> 
     </span>
    </p>
   </div>
   <div class='ocr_carea' id='block_1_6' title="bbox 125 3561 1212 4124">
    <p class='ocr_par' dir='ltr' id='par_1_11' title="bbox 125 3561 1212 4124">
     <span class='ocr_line' id='line_1_32' title="bbox 160 3561 1184 3646; baseline -0.006 -14"><span class='ocrx_word' id='word_1_208' title='bbox 160 3577 189 3646; x_wconf 77' lang='lat' dir='ltr'><strong>a)</strong></span> <span class='ocrx_word' id='word_1_209' title='bbox 206 3571 328 3630; x_wconf 73' lang='lat' dir='ltr'><strong>Pluribus</strong></span> <span class='ocrx_word' id='word_1_210' title='bbox 359 3567 424 3627; x_wconf 79' lang='lat' dir='ltr'><strong>haec</strong></span> <span class='ocrx_word' id='word_1_211' title='bbox 445 3567 562 3642; x_wconf 81' lang='lat' dir='ltr'><strong>exposuit</strong></span> <span class='ocrx_word' id='word_1_212' title='bbox 593 3568 679 3641; x_wconf 74' lang='lat' dir='ltr'><strong>Heyn.</strong></span> <span class='ocrx_word' id='word_1_213' title='bbox 708 3561 776 3626; x_wconf 72' lang='lat' dir='ltr'><strong>Ver.</strong></span> <span class='ocrx_word' id='word_1_214' title='bbox 799 3567 884 3628; x_wconf 66' lang='lat' dir='ltr'><strong>Lcett,</strong></span> <span class='ocrx_word' id='word_1_215' title='bbox 907 3581 935 3626; x_wconf 77' lang='lat' dir='ltr'><strong>st</strong></span> <span class='ocrx_word' id='word_1_216' title='bbox 957 3563 1064 3630; x_wconf 75' lang='lat' dir='ltr'><strong>Obserr.</strong></span> <span class='ocrx_word' id='word_1_217' title='bbox 1091 3571 1124 3627; x_wconf 79' lang='lat' dir='ltr'><strong>sd</strong></span> <span class='ocrx_word' id='word_1_218' title='bbox 1148 3571 1184 3634; x_wconf 83' lang='lat'><strong>11.</strong></span> 
     </span>
     <span class='ocr_line' id='line_1_33' title="bbox 125 3649 1191 3728; baseline -0.006 -16"><span class='ocrx_word' id='word_1_219' title='bbox 125 3653 213 3726; x_wconf 80' lang='lat' dir='ltr'><strong>ttln,</strong></span> <span class='ocrx_word' id='word_1_220' title='bbox 231 3661 279 3713; x_wconf 76' lang='lat'><strong>186</strong></span> <span class='ocrx_word' id='word_1_221' title='bbox 291 3675 362 3728; x_wconf 85' lang='lat' dir='ltr'><strong>seqq·</strong></span> <span class='ocrx_word' id='word_1_222' title='bbox 390 3655 558 3723; x_wconf 85' lang='lat' dir='ltr'><strong>Enststhins,</strong></span> <span class='ocrx_word' id='word_1_223' title='bbox 576 3652 691 3720; x_wconf 79' lang='lat' dir='ltr'><strong>Hector,</strong></span> <span class='ocrx_word' id='word_1_224' title='bbox 709 3649 809 3724; x_wconf 83' lang='lat' dir='ltr'><strong>inquit,</strong></span> <span class='ocrx_word' id='word_1_225' title='bbox 825 3651 1004 3723; x_wconf 74' lang='lat' dir='ltr'><strong>alloquebatur</strong></span> <span class='ocrx_word' id='word_1_226' title='bbox 1020 3653 1071 3706; x_wconf 72' lang='grc' dir='ltr'><strong>δύο</strong></span> <span class='ocrx_word' id='word_1_227' title='bbox 1087 3659 1191 3725; x_wconf 59' lang='lat' dir='ltr'><strong>auosq-</strong></span> 
     </span>
     <span class='ocr_line' id='line_1_34' title="bbox 128 3733 1192 3812; baseline -0.001 -21"><span class='ocrx_word' id='word_1_228' title='bbox 128 3759 205 3806; x_wconf 75' lang='grc' dir='ltr'><strong>ματα</strong></span> <span class='ocrx_word' id='word_1_229' title='bbox 220 3741 325 3808; x_wconf 70' lang='grc' dir='ltr'><strong><em>,ἤγουν</em></strong></span> <span class='ocrx_word' id='word_1_230' title='bbox 341 3741 392 3810; x_wconf 75' lang='grc' dir='ltr'><strong>τὴν</strong></span> <span class='ocrx_word' id='word_1_231' title='bbox 416 3737 509 3794; x_wconf 67' lang='grc' dir='ltr'><strong>δεξιὰν</strong></span> <span class='ocrx_word' id='word_1_232' title='bbox 532 3735 666 3804; x_wconf 62' lang='grc' dir='ltr'><strong>συζυγίαν</strong></span> <span class='ocrx_word' id='word_1_233' title='bbox 688 3733 736 3782; x_wconf 76' lang='lat' dir='ltr'><strong>acl</strong></span> <span class='ocrx_word' id='word_1_234' title='bbox 755 3735 807 3799; x_wconf 72' lang='grc' dir='ltr'><strong>τὴν</strong></span> <span class='ocrx_word' id='word_1_235' title='bbox 831 3735 858 3792; x_wconf 68' lang='grc' dir='ltr'><strong>ἐξ</strong></span> <span class='ocrx_word' id='word_1_236' title='bbox 883 3733 1039 3808; x_wconf 71' lang='grc' dir='ltr'><strong><em>ἀριστσρὸν.</em></strong></span> <span class='ocrx_word' id='word_1_237' title='bbox 1061 3733 1095 3793; x_wconf 86' lang='lat' dir='ltr'><strong>ll.</strong></span> <span class='ocrx_word' id='word_1_238' title='bbox 1115 3735 1192 3812; x_wconf 78' lang='lat' dir='ltr'><strong>VII,</strong></span> 
     </span>
     <span class='ocr_line' id='line_1_35' title="bbox 129 3806 1191 3898; baseline -0.003 -21"><span class='ocrx_word' id='word_1_239' title='bbox 129 3825 190 3878; x_wconf 74' lang='lat'><strong>284.</strong></span> <span class='ocrx_word' id='word_1_240' title='bbox 208 3821 315 3892; x_wconf 79' lang='lat' dir='ltr'><strong>plusaltt</strong></span> <span class='ocrx_word' id='word_1_241' title='bbox 334 3821 398 3873; x_wconf 70' lang='lat' dir='ltr'><strong>lum</strong></span> <span class='ocrx_word' id='word_1_242' title='bbox 420 3806 554 3888; x_wconf 79' lang='lat' dir='ltr'><strong>seqnitur,</strong></span> <span class='ocrx_word' id='word_1_243' title='bbox 572 3811 690 3887; x_wconf 74' lang='lat' dir='ltr'><strong>quamvis</strong></span> <span class='ocrx_word' id='word_1_244' title='bbox 713 3813 850 3882; x_wconf 80' lang='lat' dir='ltr'><strong>praecedat</strong></span> <span class='ocrx_word' id='word_1_245' title='bbox 870 3813 1023 3888; x_wconf 71' lang='lat' dir='ltr'><strong>singularis,</strong></span> <span class='ocrx_word' id='word_1_246' title='bbox 1045 3827 1076 3870; x_wconf 83' lang='lat' dir='ltr'><strong>nt</strong></span> <span class='ocrx_word' id='word_1_247' title='bbox 1091 3821 1191 3898; x_wconf 69' lang='lat' dir='ltr'><strong>nataris</strong></span> 
     </span>
     <span class='ocr_line' id='line_1_36' title="bbox 131 3893 1212 3975; baseline -0.014 -18"><span class='ocrx_word' id='word_1_248' title='bbox 131 3901 216 3974; x_wconf 76' lang='lat' dir='ltr'><strong>Kttpp.</strong></span> <span class='ocrx_word' id='word_1_249' title='bbox 235 3893 267 3955; x_wconf 80' lang='lat' dir='ltr'><strong>sd</strong></span> <span class='ocrx_word' id='word_1_250' title='bbox 291 3899 428 3963; x_wconf 84' lang='lat' dir='ltr'><strong>11.tt111‚</strong></span> <span class='ocrx_word' id='word_1_251' title='bbox 452 3918 488 3952; x_wconf 78' lang='lat' dir='ltr'><strong>rs·</strong></span> <span class='ocrx_word' id='word_1_252' title='bbox 507 3899 533 3954; x_wconf 61' lang='grc' dir='ltr'><strong>Ι.’</strong></span> <span class='ocrx_word' id='word_1_253' title='bbox 627 3896 657 3966; x_wconf 81' lang='lat'><strong>2)</strong></span> <span class='ocrx_word' id='word_1_254' title='bbox 675 3894 836 3966; x_wconf 70' lang='lat' dir='ltr'><strong>Vidiieyn.</strong></span> <span class='ocrx_word' id='word_1_255' title='bbox 852 3894 871 3952; x_wconf 85' lang='lat' dir='ltr'><strong>l.</strong></span> <span class='ocrx_word' id='word_1_256' title='bbox 887 3896 930 3954; x_wconf 65' lang='lat' dir='ltr'><strong>l.=</strong></span> <span class='ocrx_word' id='word_1_257' title='bbox 1009 3897 1091 3970; x_wconf 63' lang='lat'><strong>5111,</strong></span> <span class='ocrx_word' id='word_1_258' title='bbox 1108 3897 1212 3975; x_wconf 59' lang='grc' dir='ltr'><strong>ἮΠ..</strong></span> 
     </span>
     <span class='ocr_line' id='line_1_37' title="bbox 132 3975 1194 4058; baseline -0.002 -20"><span class='ocrx_word' id='word_1_259' title='bbox 132 3989 201 4055; x_wconf 75' lang='grc' dir='ltr'><strong>ι85,</strong></span> <span class='ocrx_word' id='word_1_260' title='bbox 219 4001 264 4056; x_wconf 76' lang='lat' dir='ltr'><strong>aqi</strong></span> <span class='ocrx_word' id='word_1_261' title='bbox 282 4001 336 4054; x_wconf 77' lang='lat' dir='ltr'><strong>seq.</strong></span> <span class='ocrx_word' id='word_1_262' title='bbox 360 3981 437 4052; x_wconf 64' lang='lat' dir='ltr'><strong>iniq.¹</strong></span> <span class='ocrx_word' id='word_1_263' title='bbox 449 3981 566 4052; x_wconf 71' lang='lat' dir='ltr'><strong>litlppcn.</strong></span> <span class='ocrx_word' id='word_1_264' title='bbox 680 3975 711 4058; x_wconf 74' lang='lat' dir='ltr'><strong>t)</strong></span> <span class='ocrx_word' id='word_1_265' title='bbox 727 3977 813 4043; x_wconf 63' lang='lat' dir='ltr'><strong>&#39;opos</strong></span> <span class='ocrx_word' id='word_1_266' title='bbox 838 3979 1066 4054; x_wconf 57' lang='lat' dir='ltr'><strong>metrumne,</strong></span> <span class='ocrx_word' id='word_1_267' title='bbox 1082 3981 1194 4058; x_wconf 67' lang='lat' dir='ltr'><strong>interpr,</strong></span> 
     </span>
     <span class='ocr_line' id='line_1_38' title="bbox 132 4062 877 4124; baseline -0.007 -2"><span class='ocrx_word' id='word_1_268' title='bbox 132 4065 256 4122; x_wconf 69' lang='lat' dir='ltr'><strong>nouat.</strong></span> <span class='ocrx_word' id='word_1_269' title='bbox 272 4064 305 4121; x_wconf 80' lang='lat' dir='ltr'><strong>ad</strong></span> <span class='ocrx_word' id='word_1_270' title='bbox 322 4063 352 4124; x_wconf 81' lang='lat' dir='ltr'><strong>h.</strong></span> <span class='ocrx_word' id='word_1_271' title='bbox 366 4062 387 4121; x_wconf 81' lang='lat' dir='ltr'><strong>l.</strong></span> <span class='ocrx_word' id='word_1_272' title='bbox 662 4092 665 4100; x_wconf 94' lang='lat'>·</span> <span class='ocrx_word' id='word_1_273' title='bbox 874 4085 877 4092; x_wconf 94' lang='lat'>·</span> 
     </span>
    </p>
   </div>
   <div class='ocr_carea' id='block_1_7' title="bbox 831 4173 858 4244">
    <p class='ocr_par' dir='ltr' id='par_1_12' title="bbox 831 4173 858 4244">
     <span class='ocr_line' id='line_1_39' title="bbox 831 4173 858 4244; baseline 0 0"><span class='ocrx_word' id='word_1_274' title='bbox 831 4173 858 4244; x_wconf 67' lang='grc' dir='ltr'>Υ</span> 
     </span>
    </p>
   </div>
   <div class='ocr_carea' id='block_1_8' title="bbox 0 0 1488 4986">
    <p class='ocr_par' dir='ltr' id='par_1_13' title="bbox 0 0 1488 4986">
     <span class='ocr_line' id='line_1_40' title="bbox 0 0 1488 4986; baseline 0 0"><span class='ocrx_word' id='word_1_275' title='bbox 0 0 1488 4986; x_wconf 95' lang='lat' dir='ltr'><strong> </strong></span> 
     </span>
    </p>
   </div>
  </div>
 </body>
</html>
