2862 4986
435 289 882 422 uouentem·
1117 343 1183 420 nt

120 559 208 625 tutte
227 498 452 622 revertamur.
501 541 558 618 Ἐκ
589 553 635 618 τοῦ
661 547 756 646 δι’φρω
783 534 960 646 prominet
990 551 1112 634 temo,
1136 546 1192 644 ῥυι·

8 717 9 732 ,
128 657 180 745 ptr,
197 663 232 734 ¹,
257 647 314 720 cui
336 658 513 731 extremo,
539 655 609 740 πέζῃ
642 649 691 716 ἔπι
713 655 809 741 πρώτῃ
835 669 863 716 s.
892 641 935 716 ἐπ’
958 647 1039 739 ἄκρῳ
1057 646 1138 739 ῥυμῷ
1153 653 1190 733 ⁵,

129 751 276 846 jugum,
303 753 400 840 Cim,
426 741 583 840 alligatur
612 740 686 814 loro
712 742 834 840 jugali,
858 744 1020 840 ζφδέσμῳ
1036 739 1074 830 3,
1097 739 1193 840 quod

130 849 247 944 ipsum
272 845 308 914 in
330 855 470 914 temone
502 864 638 914 summo
666 842 861 914 adnectitur
895 839 1007 924 clavo,
1042 841 1195 936 ioeoptl,

131 941 247 1014 eidem
266 941 412 1012 temonis
431 941 522 1039 parti
539 942 686 1028 inserto,
711 941 769 1014 cui
792 939 935 1038 quidem
958 935 1055 1011 olavo
1076 938 1199 1010 infixe·

133 1054 216 1114 rant
238 1039 429 1124 annulum,
455 1050 546 1132 uptun
562 1037 600 1124 ⁵,
625 1036 681 1110 vel
701 1065 745 1110 ne
765 1038 881 1110 clavus
900 1038 1034 1108 temoni
1058 1035 1197 1108 excide-

134 1153 215 1227 ret,
241 1137 299 1210 vel
329 1152 368 1209 ut
404 1136 472 1236 ipsi
502 1136 583 1208 huic
614 1134 745 1209 annulo
779 1136 854 1209 lora
883 1134 1008 1234 jugalia
1039 1147 1200 1207 annecte-

136 1249 271 1310 rentur.
325 1239 501 1330 thtrltopov
522 1247 636 1307 autem
659 1237 779 1332 (cujus
801 1250 901 1336 parte
926 1239 1045 1334 jugum
1063 1229 1202 1308 temoni

137 1340 298 1435 junctum
315 1335 488 1431 diximus)
513 1347 652 1404 tantum
687 1335 776 1424 suit,
803 1347 842 1405 ut
864 1332 1004 1405 alteram
1026 1335 1101 1430 ejus
1121 1355 1203 1431 par·

139 1447 213 1506 tem
234 1433 402 1532 deinceps
418 1445 472 1504 ter
490 1433 686 1532 utrimque,
700 1427 876 1530 ’ἐκάτερθεν,
903 1433 924 1503 i.
945 1455 972 1503 e
994 1457 1014 1502 a
1032 1431 1151 1502 dextra
1168 1439 1205 1500 et

139 1533 282 1604 sinistra
310 1545 432 1629 parte,
467 1556 552 1618 seu,
584 1527 681 1629 quod
713 1529 837 1602 eodem
866 1527 980 1618 redit,
1013 1528 1058 1602 ab
1076 1529 1205 1600 utrius·

141 1653 211 1730 que
230 1631 310 1726 equi
328 1629 344 1682 ⁶
362 1628 493 1717 latere,
518 1627 701 1721 religarent
713 1625 759 1699 ἐπ’
774 1635 918 1729 ὀμφαλόν,
945 1641 985 1700 ut
1004 1629 1051 1702 ait
1077 1625 1205 1700 Home·

143 1753 229 1815 rus,
255 1726 292 1798 id
319 1741 373 1798 est
403 1728 495 1798 circa
526 1727 795 1798 eminentiorem
829 1726 899 1823 jugi
931 1741 1085 1827 partem:
1111 1723 1208 1824 quod

146 1852 188 1898 eo
209 1823 353 1897 consilio
373 1823 495 1896 fecisse
522 1819 707 1912 ridentur,
730 1849 776 1895 ne
790 1830 909 1924 jugum
926 1826 1043 1897 minus
1060 1825 1207 1896 firmiter

147 1925 279 1997 temoni
299 1935 418 2022 aptum
430 1922 466 1993 in
483 1919 571 1992 itanc
593 1917 737 1994 illamve
757 1935 894 2021 partem
919 1921 1075 1994 nutando
1099 1943 1208 2022 equos

148 2035 323 2123 premeret
349 2019 405 2092 vel
438 2023 476 2093 in
499 2045 603 2091 cursu
627 2018 839 2110 retardaret,
864 2045 955 2093 neve
984 2019 1067 2094 lotis
1094 2021 1207 2118 ruptis

148 2147 254 2196 curru
289 2120 391 2191 soluti
415 2120 496 2220 equi
525 2118 729 2214 aufugerent
745 2133 775 2195 7.
825 2121 890 2192 His
913 2119 1015 2216 igitur
1039 2144 1101 2191 suo
1130 2118 1210 2191 loco

151 2221 270 2306 nexis,
289 2221 452 2313 ζιγοδέσμου
476 2231 591 2316 partes
615 2229 787 2292 extremas
808 2244 868 2291 seu
892 2241 989 2304 oras,
1017 2243 1062 2288 ne
1081 2215 1213 2314 depen-

151 2317 298 2406 derent,
317 2320 354 2390 in
372 2315 504 2388 nodum
518 2317 603 2388 scite
624 2315 673 2386 ita
694 2315 953 2414 glomerabant,
980 2329 1021 2387 nt
1038 2315 1213 2388 laterent:

154 2423 207 2489 ὑπὸ
218 2423 343 2512 γλωχῖνα
359 2420 494 2510 ἔκαμψαν
508 2415 535 2484 ⁸.

203 2513 231 2612 ξ.
256 2514 293 2590 6.
342 2513 396 2588 De
425 2514 494 2616 jugi
516 2515 625 2586 forma
654 2535 695 2584 eo
725 2513 800 2589 loce
830 2533 887 2585 me
909 2511 1025 2587 dicere
1044 2509 1217 2604 memini,

1146 2635 1217 2712 quo

192 2825 222 2896 ι)
239 2825 271 2880 lu
285 2824 369 2878 Heres
391 2843 469 2881 curru
491 2809 626 2894 argenteus
641 2823 676 2883 lt.
699 2822 762 2883 inl.
786 2841 822 2883 te.
841 2829 900 2898 728.
923 2825 1048 2885 litturae
1070 2824 1104 2884 It.
1119 2823 1220 2913 xxiv,

160 2925 220 2980 271.
290 2905 319 2972 α)
338 2907 400 2963 Vid.
418 2907 450 2964 ll.
464 2909 562 2978 xxlv,
580 2928 638 2976 ²7²·
656 2920 684 2962 et
700 2907 739 2977 V,
756 2927 817 2980 729·
902 2909 932 2978 3)
951 2909 1027 2975 Quod
1040 2909 1220 2978 troentinate

160 2993 214 3046 tuit
230 2989 263 3048 ll.
277 2985 376 3058 XXIV,
394 3009 450 3060 ²70·
538 2989 568 3057 t)
589 2991 649 3043 vid.
668 2989 699 3046 ll.
719 2992 750 3047 L.
767 2990 785 3046 l.
802 3011 909 3062 rmpa·
996 2991 1026 3059 5)
1046 2991 1106 3050 vit.
1124 2991 1156 3050 ll.
1172 2991 1219 3048 l.l.

162 3075 192 3142 6)
210 3074 259 3128 Seu
274 3072 350 3124 muli:
369 3071 399 3124 tle
417 3071 457 3124 hie
470 3074 538 3124 enin
551 3073 654 3142 proprie
668 3090 753 3126 termo
768 3085 807 3128 eet
823 3072 856 3127 ll.
869 3073 897 3128 L.
913 3073 931 3130 l.
949 3091 986 3131 vt.
1002 3077 1053 3130 265
1067 3093 1137 3148 seqq.
1157 3075 1222 3146 qni-

161 3153 210 3208 but
229 3155 342 3226 plaustro
359 3155 454 3222 junctis
472 3155 555 3208 utitur
568 3153 702 3216 Priantae,
721 3173 770 3208 non
786 3174 846 3210 tero
864 3156 891 3210 in
909 3173 1010 3228 pugna,
1026 3155 1109 3228 quod,
1127 3149 1222 3212 velnae

164 3249 281 3302 tacente,
300 3236 470 3305 intelligitur,
488 3236 575 3290 redut
596 3254 702 3290 munera
718 3237 817 3292 Achilli
831 3235 925 3293 afferat
943 3237 976 3292 eti
996 3237 1117 3294 Hectoris
1142 3239 1224 3295 ertit-

164 3337 208 3372 rer
230 3319 431 3388 redimendum,
456 3318 524 3388 quod
551 3317 695 3372 redemtum
721 3319 804 3373 eidem
827 3321 941 3393 plaustro
964 3319 1113 3390 impositum
1134 3339 1222 3376 seeum

164 3400 269 3454 domum
304 3401 384 3458 ducit.
435 3401 534 3454 Priami
559 3401 702 3474 plaustrum
736 3403 829 3465 ἅμαξα
863 3403 958 3457 dieitur
988 3414 1015 3456 et
1041 3405 1151 3472 ἀπήνη,
1174 3417 1224 3457 τι-

168 3485 334 3556 τράιιιιιιλος,
359 3487 488 3552 ἰΰτροχος
514 3487 646 3552 ἡμιονιίη.
686 3483 748 3540 vid.
774 3483 919 3554 ILXXIV,
937 3487 995 3541 524·
1019 3485 1067 3542 Oti.
1089 3486 1140 3555 lx,
1166 3490 1225 3546 241.

166 3585 217 3638 qno
235 3585 312 3620 onera
331 3565 481 3636 plerumque
496 3567 604 3620 avehere
618 3567 751 3635 uolebant,
771 3567 981 3634 ὑπιζιίγνιισαν
1002 3566 1034 3618 δὲ
1056 3567 1127 3629 βόας
1147 3569 1226 3636 ripol-

150 3661 231 3708 ’νοις
245 3667 275 3700 τι
293 3647 326 3704 11.
344 3647 444 3712 XXIV,
463 3651 519 3717 782·
538 3648 587 3704 ot.
605 3649 656 3715 Vl,
676 3651 726 3720 57,
744 3669 776 3718 7²
792 3667 863 3720 seqq.
898 3649 1008 3720 Ἀμάὲῃ
1033 3648 1095 3702 tori·
1110 3649 1226 3716 injuncta

168 3743 225 3784 erat
241 3742 324 3784 cretes
348 3748 393 3783 ten
417 3729 488 3782 aliud
511 3731 594 3802 quid,
610 3730 677 3802 quod
703 3750 790 3786 return
817 3731 1029 3802 importandorum
1051 3749 1130 3800 capax
1152 3745 1230 3794 emet.

170 3809 300 3864 Homeros
316 3814 452 3880 πιὸρινθα
469 3824 543 3864 vocnt
562 3810 584 3863 lt
613 3813 643 3866 L.
659 3809 679 3869 l.
697 3831 733 3870 rs.
745 3833 793 3884 ¹90
809 3823 836 3866 et
850 3815 909 3868 267.
943 3813 991 3866 Est
1003 3826 1088 3867 eutem
1104 3818 1231 3886 πείρης,

171 3893 307 3964 interpret.
332 3893 435 3962 schol,
461 3897 494 3944 τὸ
518 3896 690 3957 ἐπικείμενον
710 3903 745 3962 τῇ
773 3897 861 3966 ἀμάξῃ
886 3893 1018 3946 πλινθίον
1042 3898 1232 3966 (τετράγωνον

170 3975 300 4047 licerent
318 3977 358 4035 to·
379 3965 410 4028 oi·
423 3979 532 4044 otperto»
551 3979 585 4026 τὰ
598 3979 716 4048 ,optim
735 3975 820 4046 ioiern,
836 3977 902 4048 quod
921 3975 1091 4046 Od.V1,70.
1111 3979 1232 4052 timpor-

172 4062 236 4126 oto,
255 4077 284 4111 ex
310 4057 442 4112 Eutnttti
462 4059 494 4112 ed
513 4059 537 4114 h.
553 4057 569 4110 1.
590 4059 819 4130 interpretatione,
838 4077 912 4129 quam
937 4058 984 4113 alii
1007 4061 1097 4116 dieunt
1117 4065 1149 4114 rt
1169 4063 1232 4116 lior

145 4139 148 4148 '
171 4142 306 4204 intorno.
421 4142 449 4212 7)
469 4139 530 4198 Viti.
548 4142 654 4214 h.'c.'§.
673 4145 710 4196 δι’
814 4140 844 4211 8)
865 4139 1171 4216 vid.1t.xxtv,27t.
