2842 4984
350 239 906 372 ,νμσσεσισμῑῇ
1085 295 1159 400 ,39

74 487 289 596 proferebat
316 481 377 585 (σι’
400 497 526 564 nillum
553 486 600 562 ad
635 489 814 564 fortiorem
842 503 965 594 polum
992 493 1155 570 homines

77 591 193 692 proni
224 587 332 684 sunt)
358 613 537 688 expressas
561 589 602 660 in
625 613 852 664 communem
876 617 979 664 usum
1006 595 1156 692 patarih·

76 693 224 763 Herocs
243 699 337 758 certe
357 689 440 760 vino
461 689 739 788 frequentissime
772 691 979 779 utebamur,
1007 691 1094 764 odeo
1114 705 1154 768 ut

73 790 215 890 passim
235 785 280 859 ab
301 786 456 860 Homero
476 795 729 884 coniungantur
747 811 818 873 σῖτες
841 799 889 862 axi
906 789 981 872 οἶνος.

186 936 455 962 ........
481 893 523 957 Τὸ
544 897 602 982 γὰρ
616 899 694 980 μένος
715 897 776 960 ἐστὶ
793 899 840 962 mi
866 893 940 970 ἀλκή
958 905 990 978 ²,

73 986 198 1088 inquil
229 984 393 1082 Ulyssem,
419 987 479 1086 qui
512 989 692 1086 utriusque
713 993 958 1060 necessilatem
979 999 1015 1060 el
1036 984 1074 1062 in
1092 987 1154 1062 he·

77 1110 188 1159 rcum
212 1087 345 1157 animos
364 1083 604 1156 ellicacitalem
624 1087 672 1156 ila
694 1085 889 1158 collaudat:

171 1187 234 1268 Ὃς
256 1233 268 1258 .
296 1236 306 1255 .
331 1187 358 1255 κ’
374 1193 447 1280 ἀνὴρ
469 1193 544 1255 οἴνοιο
565 1197 766 1280 κορεσσάμενος
783 1193 832 1258 καὶ
851 1185 954 1270 ἐδωδῆς

178 1279 319 1380 Ἀνδμέσι
334 1284 516 1378 δυσμενέεσσι
533 1295 699 1380 πανημέριος
720 1290 876 1380 πολεμίζῃ,

187 1385 354 1477 Θαρσαὶέσν
373 1393 441 1454 rici
462 1381 529 1478 ἦτορ
549 1390 586 1452 r'rl
604 1389 723 1481 φρεσὶν,
750 1387 811 1456 οὐδέ
834 1413 862 1455 τι
881 1370 964 1480 γυῖα’

185 1485 263 1576 Ilpir
284 1495 406 1575 κάμνει,
430 1489 496 1578 πρὶν
517 1491 625 1562 πάντας
640 1489 764 1577 iporiam
785 1487 912 1574 πσλέμσισ
927 1500 958 1554 ².

70 1573 156 1649 Nec
186 1591 324 1650 tantum
353 1579 440 1668 viri,
467 1575 530 1650 sed
558 1589 595 1648 et
625 1579 799 1669 feminae,
832 1582 988 1682 juniores
1022 1576 1150 1674 etiarn,

68 1677 200 1749 vinum
221 1675 446 1772 hauriebant,
482 1689 523 1747 ut
545 1676 717 1750 Nausicae
743 1693 779 1751 et
827 1703 889 1752 uae
922 1677 1017 1751 illam
1045 1681 1157 1752 comi·

69 1773 241 1848 labantur
261 1775 416 1875 puellae,
445 1773 596 1877 quibus,
621 1790 662 1848 ut
681 1707 946 1872 vestesiavent,
969 1777 1150 1878 prosectu·
1230 1793 1234 1808 ‘

66 1875 123 1950 ris
149 1877 290 1949 Alcinoi
313 1881 444 1975 conjux

175 2025 520 2050 ..........
546 1970 701 2050 ol'olso
718 1973 818 2070 ἔχευεν

175 2069 325 2169 Ἀσκῷἐν
344 2081 439 2170 αἰγείῳ
455 2073 486 2148 5·

70 2170 171 2261 Quin
193 2169 383 2243 inlanlibus
408 2171 514 2243 eliam
534 2170 657 2246 vinum
686 2168 925 2270 praebebant,
950 2183 991 2243 ut
1011 2169 1144 2244 Achilli
1179 2179 1187 2202 ⁸

67 2269 235 2342 Phoenix
250 2269 279 2343 ⁴.
328 2270 411 2342 Vini
431 2271 536 2366 igitur
552 2271 719 2342 suavitate
733 2284 854 2368 captos
874 2294 941 2340 nec
959 2270 1009 2342 vis
1021 2269 1142 2356 latuit,

67 2393 176 2470 quam
198 2369 336 2460 ineos,
360 2370 421 2469 qui
441 2367 570 2468 largius
600 2393 643 2440 eo
669 2381 831 2458 utantur,
856 2391 1016 2441 exercere
1035 2367 1145 2444 soleat

67 2469 139 2552 viver
161 2470 322 2564 mirrhe,

171 2614 626 2642 ·············
647 2569 709 2651 ’σ’ςτε
724 2574 773 2638 καί
787 2563 888 2648 ἄλλους

170 2670 315 2754 Biclara,
340 2667 369 2748 ὃς
392 2669 431 2736 ἄν
448 2694 497 2758 μιν
512 2667 615 2760 χανδὸν
630 2671 699 2761 ἕλῃ,
724 2666 793 2760 μηδ’
811 2675 915 2758 αἴσιμα
933 2674 998 2758 πίνῃ
1014 2663 1044 2735 5.

67 2761 148 2852 Qua
162 2759 208 2834 de
232 2787 333 2835 causa
353 2761 563 2834 immodicus
583 2767 660 2862 ejus
681 2789 764 2837 usus
785 2761 952 2836 heroibus
971 2759 1139 2838 dedecori

66 2857 275 2934 ducebatur.
324 2861 624 2959 Agamemnonem
656 2863 752 2933 enim
785 2861 983 2960 opprobriis
1012 2874 1138 2961 petens

68 2958 210 3032 Pelides
244 2958 422 3032 ebrietatis
454 2985 534 3031 eum
570 2961 708 3032 incusat
734 2963 770 3031 el
800 2965 962 3061 οἰνοβαρές,
998 2959 1136 3059 inquit,

48 3066 145 3142 σκωὲς
167 3059 273 3154 ἓμμστ·
288 3057 365 3154 ἔχων
383 3091 412 3130 κ.
435 3087 463 3131 τ.
491 3065 521 3132 l.
537 3057 567 3131 ⁶.
617 3055 720 3130 Idem
746 3057 892 3130 Achivis
912 3058 998 3132 vitio
1027 3059 1135 3130 vertit

68 3155 218 3246 Nestor,
244 3183 326 3232 cum
364 3155 428 3230 sub
458 3153 539 3230 solis
564 3179 724 3230 occasum
748 3155 787 3228 in
815 3157 1020 3228 concionem
1047 3163 1135 3230 con-

65 3259 246 3328 venissent
260 3269 323 3352 σῖσῳ
345 3261 520 3352 βεβαρηότες
538 3273 566 3330 7.
617 3261 697 3351 Oinoa
721 3260 875 3350 βεβαμηώς
906 3267 1022 3326 aulem
1048 3255 1135 3330 dici·

64 3366 141 3440 tur,
167 3381 273 3454 quem
297 3355 334 3426 in
359 3355 482 3426 vinum
501 3355 703 3452 proniorem
730 3354 841 3428 nimio
876 3353 1004 3427 haustu
1025 3353 1134 3426 animi

64 3455 259 3526 constantie
288 3451 452 3527 deseruit.
504 3455 598 3524 Hinc
628 3452 781 3525 mendici
816 3479 1001 3552 personam
1027 3452 1134 3524 indu·

64 3565 125 3624 tus
153 3565 187 3624 et
206 3566 336 3624 sorlem
356 3577 455 3624 suam
475 3548 594 3649 lugens
617 3550 763 3650 Ulysses
790 3551 830 3624 in
858 3550 1053 3650 Penelopes
1074 3547 1133 3622 do·

63 3673 123 3720 mo
145 3649 307 3726 decidens
329 3652 429 3724 timet
1072 3747 1110 3822 M

101 3963 128 4030 ι)
145 3961 179 4020 ll.
197 3963 272 4032 xm,
291 3971 350 4022 161.
443 3967 472 4034 a)
491 3966 522 4024 ll
543 3967 572 4023 A.
586 3968 605 4026 1.
623 3986 660 4022 rs·
678 3973 727 4039 257
741 3985 812 4038 seqq.
904 3963 933 4031 ³)
952 3961 1002 4020 0³·
1022 3963 1077 4034 Vl,
1094 3985 1127 4038 77

59 4063 132 4118 seqq.
203 4046 233 4114 l)
253 4048 313 4103 vid.
331 4049 365 4101 ll·
378 4049 497 4121 1X,rs7
509 4067 562 4120 req.
634 4047 976 4120 5)OA.AX1,293seqq.
1045 4048 1076 4120 6)
1093 4049 1130 4110 11.

62 4127 246 4199 l,n⁵seqq.
319 4131 648 4206 7)vrd.0e111,1³9.
