2814 4984
377 245 846 336 nonnarum·
1064 266 1136 360 ut

22 455 93 534 De
116 453 202 534 filio
228 451 452 556 percontanti
469 451 590 554 Ulyssi
610 451 799 554 respondet
829 451 865 526 in
885 455 1004 531 inseris
1023 455 1124 544 Antig-

25 557 139 633 elea:

144 663 205 728 Σθν
231 709 241 728 .
268 705 278 724 .
307 651 417 734 minu
439 680 478 734 τις
496 647 558 746 ἔχει
578 657 662 724 mliv
680 661 777 752 γέρας·
804 656 878 724 ἀλλὰ
899 655 997 738 ’ἕκηλος

145 759 322 848 Τηὶίμαχις
343 761 444 845 τεμένη
459 759 572 843 νέμεται
588 766 615 822 ¹.
831 783 836 800 ·

86 851 124 950 ᾖ.
154 878 194 928 a.
245 849 326 922 Huc
355 849 536 968 pertinent
564 846 670 920 etiam
694 853 841 940 θέμιστες,
872 875 959 952 quas
989 841 1119 923 Achilli

32 971 175 1024 earum
191 945 333 1022 urbium
353 945 484 1022 mcolas
513 943 654 1020 daturos
680 945 831 1025 affirmat
855 951 1095 1048 Agamemnon
1111 969 1129 1036 ‚·

35 1072 137 1148 quas
170 1048 258 1149 ipsi,
283 1043 344 1119 ubi
375 1047 448 1122 irae
477 1057 727 1141 temperasset,
751 1071 992 1122 secessurum
1017 1043 1121 1146 pulli·

35 1160 164 1222 cetur.
218 1143 322 1237 Tibi,
346 1145 489 1244 inquit,
511 1142 611 1240 ἄνδρες
632 1147 815 1243 πολύρρηνες,
842 1151 1009 1239 πολυβοῦται

150 1297 347 1322 ......
372 1250 424 1317 ὑπὸ
442 1255 579 1339 σκήπτρῳ
599 1247 721 1341 λιτσρὰς
744 1250 864 1319 reliam
887 1251 1019 1340 θέμιστας
1035 1259 1065 1318 ².

40 1341 150 1430 Quae
169 1351 297 1438 θέμιστες
316 1337 438 1443 quales
462 1339 593 1414 suerint
618 1365 686 1416 nec
704 1343 789 1417 satis
804 1342 915 1444 liquet
937 1367 1004 1416 nec
1031 1343 1125 1418 inter

40 1465 178 1515 omnes
207 1441 419 1518 convenite.
469 1437 556 1512 Mihi
580 1434 725 1538 quidem
746 1453 839 1516 sunt
872 1442 1010 1532 omnia,
1037 1465 1125 1544 quae

40 1537 196 1636 regibus
223 1546 309 1622 τελεῖν
346 1545 423 1633 θέμις
448 1546 527 1626 ι’στέ,
558 1540 636 1634 jure
672 1539 902 1640 praestanda,
939 1547 978 1616 aa
1009 1541 1124 1630 δίκαιαι,

42 1639 120 1710 sive
154 1663 237 1737 rege
259 1635 418 1741 'jubente
446 1633 581 1726 soluta,
607 1636 679 1713 sire
709 1636 771 1711 uhi
790 1663 860 1715 ¹res
889 1641 939 1713 ita
968 1637 1125 1738 postula·

42 1749 133 1809 rent
148 1761 323 1811 concessa.
373 1731 522 1809 Tributa
534 1734 648 1827 enim,
674 1734 791 1838 qualia
809 1735 892 1810 dein
916 1735 1123 1826 dictasunt,

43 1849 214 1908 accurate
249 1833 426 1936 descripta
461 1832 611 1932 cogitare
645 1847 682 1906 et
711 1832 818 1937 hujus
856 1835 931 1910 aevi
966 1834 1123 1908 conditio

43 1947 146 2006 vetat
170 1947 208 2007 et
232 1933 380 2034 simplex
396 1931 535 2006 illarum
561 1929 741 2004 civitatum
758 1930 975 2009 constitutio.
1015 1935 1124 2024 Ὅσα,

47 2030 172 2132 inquit
200 2031 428 2122 scholiastes,
462 2035 506 2105 δεῖ
530 2034 654 2120 βασιλέα
682 2035 839 2126 laneum
866 2042 946 2131 rapt
969 2033 1024 2106 τῶν
1048 2040 1125 2118 ὑπη-

47 2139 148 2219 κθιιν,
174 2135 291 2216 εὖιθλμς
304 2137 439 2206 alermi·
465 2129 537 2204 τοῦτ’
551 2133 616 2202 ἔστι
638 2133 687 2202 κατ’
709 2136 888 2227 ὑποταγέντες
907 2135 985 2230 αὐτῷ
1002 2133 1125 2205 metet

48 2231 179 2320 ἁίισιισν,
205 2235 347 2327 λαμπρσύς
371 2235 512 2302 τιλέσσυσι
523 2234 618 2326 φέροις
633 2226 665 2301 4.
1061 2229 1063 2234 ’
1141 2315 1143 2320 Α

98 2327 134 2424 §.
158 2327 194 2400 3.
242 2327 386 2400 Praeter
412 2334 545 2422 θέμιστας
573 2323 714 2423 regibus
736 2331 815 2424 δῶρα
846 2325 934 2402 item
948 2323 1124 2402 dabantur

49 2425 128 2518 sive
146 2425 280 2516 δωιτναι,
306 2449 395 2526 quae
422 2424 488 2497 etsi
513 2423 655 2497 fortasse
682 2425 871 2499 maximam
897 2443 953 2502 τῶν
986 2433 1124 2522 θεμίστωι

49 2536 190 2625 partem
219 2523 425 2614 effecerint,
462 2547 504 2594 eo
535 2534 649 2595 tamen
677 2525 823 2596 nomine
851 2522 896 2596 ab
918 2524 960 2598 iis
987 2525 1123 2598 diversa

51 2625 159 2698 fuisse
171 2623 409 2720 suspicamur,
424 2618 523 2722 quod
540 2620 732 2712 voluntaria
750 2621 866 2722 patius
884 2635 1001 2698 essent
1066 2647 1122 2696 am

53 2722 226 2836 imperata
238 2720 267 2795 5.
317 2718 429 2819 Reges
449 2720 544 2794 enim
566 2745 646 2794 suas
663 2720 734 2821 ipsi
752 2719 870 2821 copias
883 2747 954 2795 uon
971 2721 1023 2794 ale
1048 2734 1124 2811 ant,

55 2845 125 2894 nisi
144 2816 371 2909 muneribus,
394 2844 483 2920 quae
498 2815 596 2910 dixi,
621 2844 642 2890 a
662 2818 793 2991 μορυΙο
814 2819 966 2910 collatis,
992 2818 1120 2920 quibus

55 2919 208 3016 urgentis
236 2915 321 2990 belli
345 2929 503 3017 tempore
531 2917 641 2990 auctis
664 2943 705 2991 ve
746 2918 854 2990 etiam
879 2945 899 2990 a
927 2941 1007 3018 rege
1033 2917 1122 2990 sorte

56 3017 175 3116 petitis
188 3015 271 3090 socii
289 3027 526 3089 evocarentur.
575 3011 824 3088 commentum
853 3028 948 3091 certe
977 3015 1124 3118 praebet

58 3113 229 3215 populus,
254 3113 405 3215 exempli
428 3113 537 3212 gratia
555 3112 753 3212 Troianus,
778 3140 909 3216 quem,
934 3112 982 3187 ad
1010 3117 1122 3190 socios

59 3213 169 3313 inquit
192 3213 356 3300 Hector,
383 3225 578 3288 vestrorum
609 3240 713 3288 causa
735 3218 847 3311 θθριισι
873 3221 1044 3312 κατατρύχω
1074 3235 1125 3288 καὶ

59 3313 144 3408 intuli
160 3311 190 3384 ⁶.
237 3310 374 3404 Quibus
396 3310 479 3386 belli
508 3310 771 3388 necessitatibus
799 3311 968 3410 Troianas
994 3339 1050 3388 res
1072 3327 1125 3386 at-

1067 3414 1129 3486 tri·

96 3592 123 3662 ι)
140 3591 187 3651 Od.
201 3594 255 3664 xl,
273 3597 323 3650 183
332 3613 387 3667 req.
412 3594 454 3651 Cl·
471 3596 504 3650 ll.
525 3595 583 3667 XX,
602 3597 660 3653 185.
738 3593 767 3666 a)
786 3593 816 3653 il.
832 3595 882 3661 IX,
902 3599 960 3654 156.
977 3597 1020 3657 cll.
1034 3615 1120 3670 praec.
1158 3633 1161 3640 ι

66 3694 100 3734 ιι.
133 3677 209 3736 Der.
228 3677 342 3750 λιπαρὸς
361 3679 395 3733 el.
417 3679 529 3736 Nitrsch.
556 3679 589 3734 ad
612 3677 802 3758 or.1v‚¹209
819 3699 872 3752 seq.
901 3680 963 3754 iniq.
989 3681 1036 3736 cit.
1055 3692 1124 3738 auct.

65 3759 91 3827 5)
101 3758 131 3812 ln
141 3757 253 3814 diversas
269 3771 358 3831 parter
378 3761 501 3817 sbiernnt
522 3762 689 3834 interpretes.
726 3760 785 3820 vid.
802 3761 978 3831 scholiastae,
994 3761 1080 3833 lleyn.
1096 3775 1125 3818 et

67 3843 173 3913 Kappen.
190 3843 223 3895 ad
241 3841 275 3902 Il.
291 3843 309 3901 l.
323 3843 342 3901 l.
373 3843 408 3899 G.
425 3843 475 3902 W.
494 3843 609 3902 Nitrsch.
628 3843 661 3898 all
685 3842 736 3901 Oi.
754 3843 786 3912 l,
806 3846 960 3916 τιὸ-ιη.
994 3842 1026 3900 P.
1043 3843 1073 3901 F.
1089 3847 1122 3900 A.

66 3923 172 3981 lliuscb.
187 3923 233 4001 op.
249 3921 269 3982 l.
290 3936 354 3979 tom.
369 3925 416 3981 lv,
435 3945 461 3998 μ.
475 3945 511 3984 m.
529 3929 571 3984 15.
597 3926 702 3984 Mulier.
717 3926 765 3996 Ομ.
779 3925 798 3984 l.
815 3925 866 3984 vol.
882 3923 931 3982 111.
949 3942 974 3995 p.
988 3928 1036 3980 105
1051 3944 1125 3998 seqq.

67 4009 95 4075 l)
117 4005 251 4062 &tota-
270 4004 309 4061 Ῑ).
336 4006 369 4060 ad
395 4007 429 4066 11.
453 4007 503 4080 lli,
527 4011 585 4066 156·
689 4007 719 4080 5)
738 4005 780 4066 Cl.
809 4017 928 4084 auctores
953 4025 1010 4062 mor
1035 4008 1123 4066 rituti·

67 4091 96 4160 ὁ)
113 4089 142 4148 ΙΙ.
156 4085 245 4160 xvir,
263 4089 322 4148 225.
341 4085 384 4146 cll.
398 4106 434 4148 rs.
448 4109 496 4148 220
513 4109 584 4164 seqq.
819 4091 822 4100 '
