2828 4986
412 307 928 406 uaooaurau.
1042 269 1046 278 ¹
1164 351 1199 408 ιι

133 515 288 597 Homeri
305 503 432 614 lectio,
466 534 508 595 e'o
530 507 731 621 diligentias
751 511 927 617 instituta,
949 517 1021 626 quo
1049 527 1200 606 minores

131 645 212 740 jam
244 647 343 716 erent
372 639 614 734 difficultates,
648 641 857 746 quibuscum
892 643 931 717 in
965 645 1073 721 Poeta
1093 647 1201 724 iuter·

131 759 311 860 pretende
322 755 537 832 'luctandum
557 773 642 836 erat.

189 877 232 951 ln
260 901 301 952 ea
334 891 450 952 autem
476 877 728 979 adscripturum
756 903 875 952 rerum
907 877 1078 978 farragine
1106 905 1198 958 non·

129 1017 321 1096 nunquam
356 994 484 1093 fiebat,
508 1009 548 1069 ut
577 997 650 1084 vix¹
670 1009 730 1070 aut
762 1021 811 1069 ne
838 996 897 1074 vix
924 993 1087 1097 quidem,
1110 1023 1202 1101 quae

134 1109 293 1203 vellem,
319 1109 447 1185 exinde
474 1109 681 1214 depromere
703 1137 856 1215 possem.
908 1112 1017 1206 Quod
1040 1139 1122 1190 cum
1144 1117 1200 1192 in·

135 1222 326 1327 dignabar,
360 1231 523 1306 adnotata
559 1229 677 1304 denuo
704 1229 881 1334 explorata
902 1231 943 1306 in
963 1231 1124 1306 ordinem
1143 1259 1201 1310 re-

86 1401 92 1408 ·
132 1345 259 1446 digere
291 1363 327 1423 et
355 1347 553 1424 describere
580 1351 768 1441 constitui,
798 1361 839 1425 ut
871 1349 914 1422 iis
945 1348 992 1423 ad
1013 1351 1043 1423 F
1044 1352 1142 1424 cithii
1158 1351 1202 1428 li·

135 1464 247 1539 brum
281 1465 321 1540 in
354 1457 502 1542 Homeri
524 1465 760 1541 studiosorum
793 1465 978 1542 commoda
1000 1467 1202 1570 augendum

133 1597 177 1656 et
197 1583 455 1661 emendandum
484 1585 670 1686 aliquando
700 1598 832 1664 uterer.
881 1585 1017 1682 Eadem
1043 1591 1138 1662 enim
1158 1589 1201 1663 il·

132 1699 206 1791 lis,
229 1703 445 1805 quaemihi,
470 1703 514 1776 ad
540 1717 672 1779 rectam
700 1700 832 1778 Poetae
854 1706 1050 1778 carminum
1073 1705 1203 1784 intelli·

132 1819 291 1919 gentiam
319 1835 357 1895 et
384 1821 545 1896 defutura
573 1835 609 1894 st
640 1819 823 1922 profutura
852 1844 929 1896 esse
960 1821 1198 1901 videbantur:

128 1957 206 2012 nec
238 1962 316 2012 eam
351 1939 518 2014 omnibus
549 1938 752 2014 felicitatem
787 1936 952 2038 obtigisse
984 1936 1200 2036 arbitrabar,
1280 1935 1285 1948 ⁴

125 2069 178 2130 ut
194 2069 352 2131 veterum
361 2058 673 2162 recentiorumque
693 2056 926 2162 interpretum
938 2081 1044 2159 opera
1063 2059 1102 2133 in
1122 2085 1201 2136 rem

128 2197 237 2248 sunm
262 2199 429 2273 usurpare
461 2175 590 2250 liceret.
639 2177 755 2268 Quam
787 2173 934 2276 quidem
958 2181 1201 2276 opportunita-

133 2303 209 2365 tem
229 2287 478 2366 hnmanissime
511 2290 602 2366 mihi
624 2288 828 2366 obtuleruut
849 2291 883 2364 J.
907 2291 1067 2386 Gcclius,
1090 2321 1199 2397 quem

126 2397 214 2484 vir.
230 2403 284 2486 (ll.
304 2405 464 2511 plurimis
484 2437 504 2484 a
521 2436 578 2484 me
600 2405 762 2484 laudibus
783 2404 1056 2512 praedicendum
1075 2411 1113 2488 in
1132 2413 1201 2496 hoc

130 2553 244 2630 opere
261 2527 468 2604 adornando
488 2526 683 2628 adjutorem
698 2543 823 2602 nactus.
837 2555 916 2602 sum
930 2554 1043 2602 unum
1058 2513 1097 2606 in
1115 2559 1204 2634 pau·

130 2649 188 2724 cis
207 2648 405 2747 egregium,
431 2660 468 2720 et
491 2671 574 2722 vero
593 2645 700 2722 Doct.
724 2647 760 2721 J.
784 2647 829 2722 Τ.
849 2647 1117 2746 Bergmaunus,
1141 2652 1201 2726 cui

132 2763 257 2840 multis
287 2762 540 2840 benivolentiae
569 2765 776 2840 testimoniis
808 2787 866 2837 me
890 2762 1098 2839 obstricmm
1120 2793 1198 2866 gm-

130 2895 195 2956 tus
209 2883 388 2984 profiteor.
437 2880 542 2977 Quod
561 2883 667 2982 igitur
678 2907 840 2984 ceperam
860 2881 1198 2982 consilium,Patri,

129 3025 241 3102 quem
263 3000 368 3076 unice
388 3026 487 3091 amo,
512 2999 660 3102 aliisque
673 2999 768 3076 Viris
790 3001 913 3089 Doct,
938 2997 1131 3102 plurimum
1150 3001 1198 3079 dt

127 3141 194 3194 me
217 3116 371 3212 meritis,
395 3119 673 3212 communicavi,
696 3119 780 3220 qui,
803 3130 844 3192 ut
868 3115 907 3192 in
930 3115 1054 3192 eadem
1076 3117 1198 3198 mente

127 3249 364 3337 susceptoque
386 3233 507 3310 labore
527 3262 792 3340 permanerem,
816 3259 888 3308 uno
907 3236 1004 3338 quasi
1027 3263 1087 3314 ore
1109 3242 1199 3315 ami·

125 3381 178 3432 ce
199 3380 257 3430 me
287 3353 459 3428 adhortati
483 3368 580 3434 suut.
629 3353 837 3431 Laudabant
870 3355 966 3430 enim
996 3355 1127 3434 Feithii
1153 3360 1199 3438 li-

124 3475 259 3568 brum,
284 3472 329 3545 ad
352 3471 499 3548 Homeri
525 3473 680 3548 carmina
712 3496 794 3544 cum
826 3470 986 3547 utilitatis
1013 3475 1129 3550 fructu
1149 3477 1198 3554 le·

128 3591 247 3696 genda
275 3590 515 3692 aptissimum,
538 3615 609 3693 quo
632 3587 786 3680 scilicet,
811 3599 852 3661 ut
880 3589 930 3664 ait
951 3593 1144 3669 Gronovius
1160 3609 1199 3692 ¹,

126 3743 152 3788 n
183 3709 366 3787 materiam
390 3709 573 3788 illustravit
602 3710 754 3801 Auctor,
777 3719 885 3781 unam
908 3709 1064 3814 prolecto
1085 3709 1130 3786 ab
1143 3739 1200 3786 so·

313 3841 318 3848 '
681 3835 686 3842 ’
1082 3860 1104 3904 >a
1131 3829 1197 3908 ler-

176 4049 208 4130 t)
228 4051 262 4112 ln
278 4051 375 4132 praef.
397 4013 489 4114 llaec.
511 4047 608 4126 taliq.
624 4045 730 4110 Graeo.
750 4039 878 4113 volva
899 4067 929 4130 p.
944 4041 990 4110 tb'.
