2828 4986
280 304 335 376 μ
553 259 1075 360 ΑΝΤΙΟΠΙΤΑὸ

279 478 375 556 alios
403 493 522 548 amore
551 464 718 566 amplecti
748 459 928 556 solebant,
960 473 1069 564 prout
1102 459 1163 548 ‚rel
1200 459 1358 563 ἰρωηιῃ
1393 501 1394 550 7

282 572 399 658 libido
420 569 554 646 ferebat
572 567 628 640 rel
639 562 889 640 saculioiorum
908 558 1149 648 mortalibus
1175 563 1247 641 sibi
1266 565 1359 640 obla
1393 561 1394 632 ἴ

284 693 404 756 torum
426 671 528 770 copia
549 663 745 767 postulabat
769 674 806 734 et
833 661 1045 762 praestantia
1059 678 1090 731 ¹.
1135 659 1357 761 singularem
1393 709 1394 752 ,

282 773 456 853 tamenin
473 769 660 844 bominum
683 765 791 836 vitam
807 773 1020 860 potestatem
1043 772 1080 832 et
1102 759 1177 832 rim
1202 788 1223 834 a
1245 763 1357 836 Phoe
1393 765 1394 844 l

279 877 332 952 bo
351 887 388 948 et
416 865 597 943 Artemide
619 862 774 938 exerceri
798 858 1015 950 censebant,
1034 871 1098 946 ut,
1119 859 1182 959 qui
1209 863 1355 960 juvenes

283 975 399 1051 subita
418 981 531 1042 morte
549 961 862 1062 opprimebantur,
884 983 1008 1032 eorum
1024 955 1105 1032 telm
1125 955 1279 1033 coniecti
1297 959 1356 1032 ha·

281 1075 467 1160 bereutur.
527 1063 633 1134 Viros
665 1057 839 1134 interimit
863 1055 1010 1156 Apollo,
1034 1069 1076 1128 ut
1105 1057 1215 1136 exiis
1240 1072 1354 1158 patet,
1393 1063 1394 1146 l

278 1199 376 1278 quae
398 1168 444 1241 de
459 1161 595 1240 Niobes
617 1157 699 1234 liliis
719 1155 840 1232 retulit
856 1156 967 1228 Poeta
981 1174 1019 1243 2,
1044 1167 1082 1226 et
1105 1169 1188 1228 cum
1207 1158 1354 1254 Agame·

277 1269 425 1347 mnonii
439 1259 681 1362 gubernatoris
697 1257 715 1308 5
737 1282 781 1329 ac
792 1253 1009 1330 Rhexenoris
1027 1254 1066 1326 in
1078 1253 1172 1351 regia
1185 1253 1230 1328 ab
1247 1253 1355 1354 Apol·
1393 1273 1394 1330 l

283 1372 356 1482 liup
373 1361 525 1440 confossi
541 1359 584 1449 ⁴,
608 1370 688 1430 tum
714 1355 777 1427 Oti
792 1367 896 1453 atque
917 1351 1115 1452 Ephialta,
1136 1354 1273 1426 coelum
1295 1352 1356 1424 ad·
1393 1375 1394 1470 7

283 1464 458 1544 accudere
475 1455 709 1562 parantium⁵
731 1452 890 1552 exempla
916 1453 1141 1526 confirmant.
1191 1453 1355 1528 Feminas

282 1609 285 1618 ·
315 1574 510 1639 raematura
549 1569 662 1630 morte
690 1577 710 1626 e
738 1554 811 1626 vila
844 1549 938 1625 tollit
965 1549 1143 1642 Artemis,
1166 1575 1295 1652 quam,
1319 1561 1355 1622 ut

325 1688 402 1738 eros
423 1663 537 1760 ipsam
557 1652 760 1754 exagitantis
782 1648 898 1724 verbis
915 1663 1079 1738 utamur,
1393 1667 1394 1690 ¹

337 1804 838 1844 ..............
861 1752 1087 1846 umbos

344 1865 420 1944 Ζεὺς
443 1865 548 1942 diras,
575 1861 625 1926 sai
646 1856 735 1924 iduare
758 1850 959 1942 morspec,
982 1851 1209 1941 irse's'ds'lpoda
1224 1845 1255 1924 ⁶.

287 1962 404 2063 Hujus
436 1955 569 2052 sagittis
602 1963 753 2028 matrem
782 1971 884 2022 suam
902 1945 1071 2020 domitam
1098 1947 1148 2018 ait
1163 1944 1357 2025 Androma·
1393 1959 1394 2010 l

289 2061 357 2135 ebe
374 2077 414 2148 7,
439 2055 630 2152 eademque
651 2049 696 2123 de
708 2045 855 2121 muliere
867 2047 975 2119 refert
987 2047 1186 2132 Eumaeus,
1211 2071 1357 2147 quaem
1393 2037 1394 2080 ³

289 2187 310 2234 a
329 2150 567 2232 Phoenicibus
584 2163 660 2222 erat
678 2147 845 2247 abreptus
860 2143 890 2222 ⁸.
938 2142 1120 2216 Placidam
1137 2156 1256 2216 autern
1270 2169 1356 2218 mor-

159 2265 166 2276 “
288 2271 364 2331 tem
392 2251 548 2329 subcunt
576 2263 611 2321 et
639 2247 799 2332 facilem,
823 2270 915 2345 quos
938 2242 1069 2339 sagittis
1095 2240 1242 2314 mitibus
1259 2243 1356 2342 petiit

291 2382 374 2429 eum
405 2355 532 2425 Sorore
556 2345 705 2445 Apollo,
730 2345 842 2442 iisque
863 2343 1013 2414 mortuis
1034 2340 1141 2412 etiam
1168 2339 1356 2414 virentium

290 2455 447 2553 rigaret
475 2447 624 2542 dignitas
658 2454 858 2516 serrantur:
885 2439 972 2512 hinc
1004 2434 1051 2510 ad
1070 2437 1236 2512 Hectoris
1258 2437 1356 2514 cada

292 2579 357 2630 rer
377 2572 485 2623 senex
509 2545 672 2616 Priamus

439 2655 507 2721 Noa
530 2647 561 2714 δέ
585 2673 632 2736 μοι
655 2650 763 2737 ἑρσήεις
780 2645 831 2712 ttoei
849 2649 1007 2736 πρόσφατος
1029 2642 1222 2734 t'vfmyripaerr

439 2751 571 2830 Κεῐσαι,
595 2745 638 2835 aqi
657 2745 763 2828 larix,
787 2744 818 2811 io
842 2735 868 2810 τ’
888 2739 1069 2834 ἀργυρότοξος
1093 2731 1242 2808 'Amisa

442 2844 498 2924 Οἷς
521 2851 632 2934 ἀγανοῖς
651 2841 797 2929 Belisama
819 2846 991 2931 ἐπαχὸμενκ
1014 2845 1182 2933 mrinepam
1198 2850 1228 2906 9.

294 2942 429 3024 Iisdem
451 2935 659 3014 numinibus
673 2937 830 3037 corporis
845 2935 1032 3012 sanitatem
1053 2957 1094 3006 ac
1119 2930 1357 3034 proceritatem

1309 3053 1360 3100 ac·

330 3269 361 3339 a)
378 3263 542 3322 Testimonia
557 3260 642 3316 ubivis
664 3259 693 3312 in
714 3255 826 3311 Homeri
849 3254 1007 3310 carminibus
1029 3253 1113 3310 ciris.
1154 3250 1196 3305 De
1221 3235 1360 3304 intemerati

293 3351 413 3407 Deorum
435 3350 463 3402 in
484 3347 600 3401 Homero
631 3340 684 3400 rid.
707 3339 806 3410 lleynii
828 3339 956 3392 Erramus
978 3336 1002 3393 1.
1019 3337 1052 3391 ad
1069 3335 1102 3391 11.
1120 3335 1152 3392 L.
1165 3333 1190 3388 1.
1277 3327 1311 3396 e)
1329 3325 1358 3382 ll.

295 3431 395 3502 xxm,
413 3433 473 3486 605.
505 3427 546 3485 Cl.
563 3423 685 3480 Eustatlr.
702 3421 734 3476 ed
751 3420 800 3477 Od.
818 3419 877 3490 111,
893 3421 953 3476 280.
1036 3418 1066 3487 5)
1084 3416 1134 3474 Otl.
1156 3415 1215 3484 Ill,
1232 3415 1358 3478 asouqa

295 3513 329 3585 4)
346 3515 397 3572 od.
411 3513 479 3582 Vll,
496 3515 531 3568 64
547 3527 603 3580 seq.
637 3507 711 3563 Unus
728 3517 814 3561 temen
834 3503 917 3556 Orion
934 3501 967 3556 alt
980 3500 1131 3570 Artemide,
1147 3515 1214 3570 quse
1228 3494 1292 3550 eliae
1309 3491 1358 3544 lere

294 3599 408 3654 feminas
429 3608 531 3651 tantum
552 3592 699 3660 interimit,
726 3586 857 3644 molossus
878 3585 975 3654 legitur
990 3583 1040 3640 Od.
1058 3583 1099 3654 V,
1116 3585 1175 3638 123.
1208 3579 1250 3633 De
1263 3571 1359 3631 Orioni!

296 3701 360 3738 nece
377 3679 431 3738 rid.
448 3679 545 3734 lliiller
561 3677 610 3748 Op.
623 3674 642 3732 l.
660 3673 713 3728 rol.
726 3669 763 3728 II.
780 3689 807 3740 p.
822 3673 873 3742 377
885 3687 958 3740 seqq.
982 3665 1022 3721 tt
1037 3665 1087 3720 hae
1100 3663 1232 3736 Apollinis
1248 3663 1277 3716 iu
1292 3673 1359 3712 mot-

297 3765 394 3820 ulium
420 3765 502 3818 ritam
529 3770 675 3831 potestate,
698 3756 780 3828 pestis
807 3753 884 3808 illum
905 3763 1038 3805 auctorem
1069 3747 1161 3802 beheri
1191 3744 1295 3818 quidam
1313 3755 1361 3808 po·

295 3857 372 3916 tant,
386 3865 464 3919 mam
480 3854 610 3900 memorat
625 3841 706 3894 Po'e'ta
716 3839 749 3894 ll.
764 3837 792 3906 l,
810 3839 845 3892 43
866 3855 936 3908 seqq.
971 3833 1012 3890 Gt
1030 3829 1135 3886 Nicaei
1153 3831 1181 3883 in
1198 3823 1268 3883 Prol.
1283 3837 1308 3884 Ρ·
1323 3819 1360 3870 ¹5·

300 3928 334 3996 5)
350 3929 399 3987 04.
416 3929 469 4000 XI,
486 3930 545 3984 518.
639 3922 669 3990 6)
687 3920 720 3977 It
735 3919 807 3988 ΠΙ,
824 3921 877 3974 485
892 3937 964 3993 seqq.
982 3915 1019 3974 ei.
1035 3913 1143 3970 ttotler
1156 3911 1205 3980 (lp.
1222 3907 1241 3963 l.
1263 3902 1313 3956 rol.
1328 3896 1361 3950 ll.

300 4029 327 4081 ,a
342 4011 393 4080 ⁵⁶9
409 4029 463 4080 seq.
532 4007 561 4082 7)
578 4007 613 4066 u.
628 4005 682 4074 u,
697 4005 757 4059 428.
775 4001 810 4060 ar.
827 4021 864 4059 n.
879 4005 939 4058 205.
996 3998 1027 4066 s)
1044 3993 1159 4064 ocur,
1175 3995 1236 4064 477·
1291 3983 1317 4056 al
1332 3979 1362 4034 u

302 4090 398 4162 ult,
415 4095 463 4163 757
479 4111 551 4163 seqq.
576 4089 617 4150 Cf.
635 4087 686 4149 04.
703 4083 801 4156 xs111,
818 4105 864 4146 201
884 4103 940 4156 seq·
959 4093 985 4138 st
998 4081 1106 4152 Kllppen
1124 4075 1155 4130 ed
1176 4072 1209 4130 ll.
1228 4070 1280 4142 tt,
1297 4065 1348 4122 ao&
