2828 4986
381 230 813 368 flousaror.
1096 331 1148 406 ·,

65 505 190 556 unum
210 475 323 572 addo,
353 477 551 582 Olympum
568 509 792 563 communem
817 515 892 566 esse
914 485 1070 574 Deorum
1092 504 1148 577 s'e·

71 581 165 654 dem
195 582 347 678 regiam,
381 584 479 681 cujus
509 583 681 658 verticem
705 613 883 664 summum
906 595 995 669 Zeus
1024 611 1143 694 tenet,

72 705 164 754 cum
187 680 296 752 ceteri
311 677 372 751 Dii
395 679 501 752 variis
522 707 604 756 eum
629 686 790 781 partibus
807 689 974 766 incolant.
1023 699 1144 776 Multis

71 778 166 852 locis
177 776 269 852 hanc
280 776 436 850 Deorum
454 776 576 852 sedem
589 780 777 884 descripsit
795 790 925 879 Poeta,
944 794 982 864 in
999 820 1145 898 eamque

69 877 239 950 universe
259 876 437 950 transtulit
453 903 679 1052 quaecungpe
700 885 905 988 principum
923 889 1070 968 heroum
1090 925 1148 971 re-

74 999 231 1076 gumque
250 973 375 1047 domos
399 999 526 1050 ornare
545 977 618 1052 sole
645 992 751 1056 ant1.

129 1073 159 1172 ξ.
186 1100 220 1147 2.
280 1075 455 1171 Regiones
491 1101 630 1178 quoque
668 1079 848 1182 integrae,
893 1098 930 1160 et
965 1089 1145 1188 civitates,

128 1197 164 1244 as
190 1172 316 1273 cuique
350 1172 542 1272 aptissimas
578 1175 791 1272 censebant,
816 1185 1010 1286 antiquitus
1042 1197 1147 1270 certis

74 1199 155 1346 gli,
184 1271 327 1344 filerunt
355 1269 524 1361 tributae,
562 1275 689 1375 quibus
730 1281 835 1356 veluti
872 1286 1020 1362 numina
1056 1305 1148 1366 tute·

75 1369 165 1444 laria
198 1367 446 1472 praesidebant
488 1372 656 1470 singulari
697 1375 787 1452 inibi
832 1380 1001 1478 religione
1043 1391 1145 1469 culti.

74 1471 131 1542 Ita
151 1493 294 1540 nemora
324 1469 422 1558 Pan,
447 1483 545 1570 prata
574 1471 761 1574 Nymphae
788 1492 988 1556 tenuerunt.
1050 1489 1143 1564 lnde

73 1566 242 1640 Phoebus
264 1564 434 1666 Chrysam
457 1593 497 1642 ac
520 1567 645 1643 Cillam
673 1575 782 1664 tueri,
809 1591 864 1664 et,
887 1593 927 1652 ut
950 1581 1143 1681 Aphrodite

76 1665 197 1766 Cypro
212 1683 250 1756 ³,
276 1666 324 1738 ita
345 1663 493 1740 Tenedo
517 1670 690 1767 imperare
721 1671 849 1750 dicitur
866 1677 892 1750 5.
944 1681 1032 1754 Prae
1054 1699 1147 1760 cete·
1221 1772 1225 1783 ,

72 1766 123 1838 ris
143 1763 275 1863 Argos,
299 1765 461 1866 Spartam
484 1779 519 1838 et
535 1768 718 1868 Mycenam
733 1797 830 1848 caras
851 1775 919 1850 sibi
946 1777 1053 1854 habet
1074 1785 1148 1858 He·

73 1887 112 1934 re
128 1863 159 1938 ⁴.
208 1863 303 1936 Hinc
333 1865 428 1936 varia
456 1867 685 1964 cognomina,
716 1870 844 1972 quibus
881 1893 1144 1974 memorantur,

74 1974 114 2034 ut
132 1956 214 2051 Zei,
239 1985 345 2062 quem
357 1961 513 2036 Achilles
529 1965 577 2038 ita
590 1967 750 2058 invocat,
773 1977 922 2046 dodonae
935 1981 1099 2077 Πιλασγικέ
1115 1985 1143 2054 ⁵:

20 2093 25 2102 ·
74 2057 309 2160 Aphrodites,
344 2085 432 2162 quae
461 2065 607 2160 Κύπριςθ
632 2079 668 2138 et
702 2068 857 2158 Phoebi,
897 2074 957 2174 qui
985 2079 1144 2166 Ἑλικώνιος

73 2159 182 2242 duait
207 2157 323 2230 audit:
350 2158 491 2232 urbium
520 2165 674 2236 enimet
698 2164 918 2260 insularum,
946 2199 1032 2272 quae
1058 2179 1143 2276 ipsis

75 2255 214 2328 dicatae
248 2269 350 2345 sunt,
377 2257 512 2330 domiui
540 2283 579 2330 ac
608 2261 715 2333 veluti
747 2287 844 2363 reges
878 2267 1098 2348 habebantur
1115 2279 1144 2350 ⁸.

74 2355 245 2427 Omnium
269 2354 413 2428 urbium
437 2380 559 2428 curam
583 2359 629 2432 ad
657 2360 822 2434 Atheneo
852 2370 1029 2464 pertinere
1058 2399 1142 2448 cen-

74 2451 215 2538 rebant,
254 2451 351 2525 unde
376 2459 547 2551 ἐρυσιὸττολις
574 2456 757 2535 dicebatur
773 2478 809 2551 9,
846 2490 916 2564 quo
945 2474 1096 2552 nomine,
1122 2503 1142 2548 a
1170 2509 1173 2521 ·

73 2551 234 2654 Trojanis
250 2549 399 2624 obsessis
415 2554 575 2626 invocata
590 2554 716 2654 legitur
734 2575 775 2629 ²⁰.
825 2563 867 2633 In
883 2564 1028 2663 singulis
1041 2597 1142 2670 prae-

74 2663 186 2738 terea,
222 2650 424 2749 principum
461 2656 693 2749 praesertim,
720 2657 862 2732 aedibus
894 2671 958 2748 Διὸς
990 2670 1141 2766 Epaone,

73 2746 168 2820 velut
193 2749 349 2848 ipsarum
375 2747 529 2822 custodis
563 2764 600 2825 et
630 2751 844 2850 defensoris,
873 2785 932 2834 ara
964 2780 1139 2844 exstructa

74 2848 137 2918 suit
162 2864 205 2918 ¹¹.

120 2947 152 3032 9.
176 2943 214 3018 3.
273 2944 424 3042 Singulis
456 2945 563 3022 rebus
586 2947 747 3023 humanis
774 2953 968 3034 intererunt
990 2963 1076 3054 Dei,
1104 2980 1141 3042 et

75 3045 224 3144 partium
248 3041 364 3116 studio
386 3042 486 3119 ducti
512 3047 713 3121 mortalium
735 3049 821 3126 alios
849 3051 929 3130 odio
953 3071 1141 3168 persequi,

1083 3169 1144 3241 ali·
1159 3173 1161 3178 ’

110 3326 136 3396 ι)
154 3325 194 3384 Cl.
218 3325 303 3397 Heyu.
320 3327 426 3387 Excurs.
445 3328 520 3385 vlu.
537 3331 570 3385 sd
587 3331 619 3385 11.
638 3331 669 3402 1,
687 3335 748 3405 494.
766 3334 830 3408 itio.
850 3339 959 3397 Homeri
979 3345 1011 3402 de
1028 3349 1137 3424 Olympo

78 3405 125 3462 loei
148 3410 266 3471 collecti,
293 3411 325 3466 ad
351 3430 443 3482 eosque
461 3412 574 3482 singulos
598 3416 761 3485 interpretes.
806 3419 903 3476 Mtiller
925 3425 974 3496 Op.
993 3427 1011 3486 L
1033 3433 1084 3490 rol.
1102 3434 1139 3492 ll.

79 3506 102 3556 p.
116 3493 163 3546 250
178 3508 251 3563 seqq·
279 3503 306 3546 et
331 3492 364 3547 A·
382 3494 413 3551 F.
433 3494 466 3550 G.
483 3494 604 3565 Redolph
623 3497 685 3554 diss.
705 3498 776 3556 Phil.
794 3499 907 3572 lllythol.
933 3505 965 3562 de
989 3511 1049 3566 sede
1066 3515 1140 3570 Deo.

79 3587 133 3624 rum
155 3573 352 3629 llomericorum
373 3573 523 3630 domestica·
548 3577 728 3650 vitembergae
755 3586 955 3659 a.1794.ibiq.
980 3592 1051 3648 laud.
1070 3609 1141 3655 auct.

79 3657 107 3718 2)
124 3653 216 3725 llymn.
229 3657 257 3710 in
270 3653 386 3726 Aphrod.
405 3676 441 3714 rs.
457 3661 516 3730 ²95·
599 3660 628 3732 5)
647 3653 680 3718 ll.
696 3661 725 3732 l,
743 3666 776 3718 38
792 3683 848 3736 seq.
936 3671 967 3738 l)
985 3673 1017 3730 ll.
1032 3674 1087 3746 lv,
1104 3682 1137 3736 51

42 3775 49 3799 ,
79 3751 129 3806 seq.
232 3739 262 3806 ὁ)
280 3738 305 3792 ll
329 3739 482 3810 xv1,235.
505 3741 648 3812 dequibus
667 3745 714 3798 Zei
738 3747 886 3804 nominibus
903 3751 953 3808 rid.
978 3755 1063 3826 Heyn.
1077 3760 1140 3816 Obs.

81 3816 175 3876 nott
282 3820 365 3889 6111.
389 3823 506 3893 V,422.
624 3825 652 3898 7)
671 3826 705 3883 ll.
720 3829 778 3900 llll,
796 3833 846 3886 404
865 3831 952 3904 ibique
980 3834 1139 3912 Cllleyrre.
1174 3857 1176 3862 '

80 3898 108 3963 8)
124 3899 187 3955 llino
217 3902 297 3957 etiam
326 3905 394 3959 Zeus
415 3918 455 3960 est
479 3906 619 3973 Δωδώνης
640 3911 746 3970 μεδέων
765 3909 884 3984 Mill,
908 3917 968 3972 234·
1056 3923 1085 3993 9)
1105 3925 1141 3979 Ut

81 3975 256 4052 11.vl,305.
290 3984 433 4054 dynamin
460 3987 560 4044 Pallad.
583 3989 763 4061 1,1.11,3.
799 3993 839 4051 Cl.
860 3993 943 4064 Kiipp.
962 3997 995 4050 ad
1018 3999 1050 4061 ll.
1068 4007 1099 4061 L.
1119 4009 1139 4065 l.

81 4076 115 4112 rs·
133 4081 172 4134 9²·
204 4065 359 4121 Eustathius
387 4071 498 4131 φύλακα
525 4071 629 4132 πόλεως
655 4073 851 4144 interpretatur·
950 4079 1047 4150 10)ll·
1071 4087 1101 4144 l..
1118 4089 1138 4146 l.

84 4141 124 4210 11)
140 4145 197 4202 vid.
213 4147 263 4205 od.
284 4146 371 4220 llllll,
389 4155 449 4211 355.
485 4150 526 4210 (ii.
542 4155 610 4208 inira
627 4174 650 4212 e.
662 4175 684 4228 y.
704 4162 729 4228 §.
742 4177 763 4227 7.

738 4227 815 4302 Ab*
