2842 4984
406 263 874 362 HOMERIGss,
1083 265 1157 362 135

77 475 209 646 ἰών
234 468 384 560 “Uim
405 459 474 548 ‘a‘
494 471 620 562 mim·
646 463 802 566 l‘lbtffl·
828 461 983 562 'l'yffii'i‘
999 478 1029 546 ¹³
1079 465 1156 558 Sul,

133 591 171 656 s,
197 582 267 664 apt,
291 561 427 678 inquit,
452 589 517 664 per
531 589 712 667 apocopen
730 577 748 649 ἡ
764 569 866 660 κοξκ,
893 561 1090 652 hordeum,
1118 579 1156 652 et

78 687 221 761 κριμιου,
238 661 333 764 quod
346 676 614 762 rnterpretatur‚
640 691 754 740 crassa
766 663 896 736 farinae
909 687 990 762 pars
1005 679 1033 734 ².
1071 663 1156 740 Cer-

80 761 222 864 liquid
246 787 312 834 noc
337 763 381 834 de
402 761 456 834 bia
475 788 542 836 nec
566 761 730 854 dealba,
755 764 892 862 siquae
916 763 1004 836 sorte
1029 787 1153 838 occur·

77 877 191 952 rant,
218 862 386 936 frumenti
418 861 606 958 generibus
634 878 785 936 statuere
821 864 944 935 ausim.
1008 861 1156 939 Dissen-

80 963 183 1033 tiunt
204 962 296 1034 inter
319 985 357 1031 se
391 959 606 1036 Sclroliastae
635 976 671 1036 et
703 965 938 1060 interpretes,
963 985 1031 1033 nec
1064 962 1151 1134 quid

79 1059 301 1136 discriminis
331 1061 425 1132 inter
456 1059 565 1132 varias
602 1062 738 1161 generis
769 1060 905 1159 species
932 1059 1063 1132 interce
1092 1075 1152 1150 at,

77 1182 125 1231 cx
168 1157 368 1231 Homericis
401 1157 614 1232 carminibus
656 1158 849 1254 intelligere
885 1156 984 1230 licet.
1053 1161 1153 1251 Quae

76 1270 224 1370 praeter
255 1277 332 1330 atras
362 1255 512 1331 edebant
530 1258 684 1354 generali
707 1258 850 1332 nomine
876 1255 935 1353 ὅψο
962 1269 1151 1345 notantur,
1175 1325 1179 1333 ,

77 1355 122 1429 td
155 1369 230 1448 est,
265 1369 313 1430 τοῦ
344 1367 421 1430 σι’του
444 1361 618 1454 illapsae,
652 1366 694 1453 μή
729 1368 805 1430 κοινοὶ
834 1359 925 1447 ὄντα,
949 1358 1014 1448 οἷοι,
1039 1368 1081 1435 nt
1102 1357 1153 1432 ait

77 1454 217 1546 Poeta,
237 1453 333 1531 ’ἔδουσι
355 1461 504 1556 διοτρεφέες
520 1462 656 1546 βασιλῆες
672 1457 701 1530 ⁵.

130 1554 165 1653 ξ.
193 1579 227 1626 2.
277 1551 336 1626 Ad
362 1574 437 1628 στιου
459 1553 676 1630 accedebant
701 1580 845 1646 carnea,
871 1550 1026 1630 bubulae
1053 1579 1154 1656 prae·

76 1653 233 1740 sertim,
258 1650 403 1742 ovillas,
428 1653 591 1754 caprinae
612 1668 648 1726 et
666 1652 810 1743 suillae,
835 1679 920 1826 quas
949 1653 987 1726 in
1006 1651 1155 1731 heroum
1181 1739 1187 1748 ,

77 1753 254 1828 conviviis
272 1750 447 1826 adhibitas
462 1753 583 1852 quavis
604 1753 677 1826 sere
697 1754 824 1854 pagina
859 1766 992 1826 actores
1012 1753 1155 1828 docebit

75 1851 269 1926 Homems.
322 1851 412 1924 Caro
441 1865 581 1936 autem.
617 1879 685 1954 qua
717 1864 964 1936 vescerentur,
991 1860 1060 1936 ὀπτὴ
1090 1877 1154 1952 po·

77 1951 257 2026 tissimum
275 1949 365 2034 tuta,
385 1947 424 2022 id
446 1962 520 2042 est,
547 1965 674 2039 assata,
700 1977 763 2025 seu
788 1949 914 2042 malis,
939 1950 1081 2044 fricata;
1106 1951 1151 2032 de

77 2049 241 2150 quocibi
260 2073 385 2148 genere
416 2050 604 2148 quominus
634 2050 692 2124 hic
727 2047 887 2147 pluribus
917 2076 1077 2148 agamus,
1102 2049 1155 2138 saa·
1266 2119 1269 2125 .

78 2149 182 2222 ciunt
201 2173 289 2248 quae
311 2145 356 2220 de
373 2148 541 2222 conviviis
560 2149 650 2222 infra
669 2147 771 2220 nobis
795 2145 955 2232 dicenda,
969 2159 1107 2234 restant
1119 2148 1152 2222 ⁴.

129 2248 159 2344 fi.
185 2247 221 2320 3.
271 2247 377 2320 Feras
397 2246 577 2320 interdum
598 2271 741 2346 quoque
764 2245 958 2318 comedisse
984 2245 1151 2320 videntur

78 2345 226 2436 heroes,
251 2345 313 2448 qui
332 2345 509 2444 frequenti
527 2343 713 2418 venatione
744 2342 1018 2418 delectarentur.
1067 2343 1147 2436 Quo

79 2443 231 2518 consilio
256 2469 339 2518 cum
361 2445 471 2518 'sociis
492 2457 638 2518 renatus
670 2457 745 2516 erat
763 2443 931 2544 Ulysses,
956 2467 1039 2518 cum
1064 2465 1148 2522 arcu

79 2541 260 2646 hastisque
281 2543 407 2615 armati
428 2539 511 2640 αἶγας
531 2554 799 2642 assequerentur

178 2693 347 2718 .....
373 2643 542 2738 ὀρεσκῴους,
564 2651 613 2714 ἵνα
630 2643 804 2723 δειπνήσειαν
822 2648 924 2738 ἑταῖροι
939 2641 970 2718 5.
1029 2715 1035 2728 ,

77 2739 135 2816 De
160 2764 300 2816 cerroa
322 2764 360 2812 se
384 2739 638 2840 percussosuse
656 2753 774 2812 narrat
789 2733 1017 2834 Laertiades,
1042 2761 1149 2840 quent

177 2891 376 2916 ......
401 2847 460 2912 ἐπεὶ
482 2851 631 2938 τάρπηοισι
648 2851 778 2936 ὁρώμενοι
793 2847 997 2939 ὀφθαλμοῖσιν,

178 2945 284 3036 Χεῖρας
299 2941 442 3034 νιψάμενοι
462 2941 583 3034 τεύχοντ’
602 2941 730 3035 ε’ρικὺὂεοι
745 2943 828 3012 δαῖτα
844 2938 875 3012 ⁶.

78 3035 314 3128 avenariam,
338 3035 465 3138 quibus
484 3050 731 3124 vescerentur,
751 3033 795 3106 ab
815 3033 982 3112 heroibus
994 3043 1148 3133 captatae

78 3159 176 3230 esse,
202 3150 286 3212 sunt
302 3139 365 3238 qui
393 3159 437 3210 ex
453 3132 575 3210 Iliadis
600 3133 700 3208 Liba.
719 3131 859 3210 XXlll.
886 3161 938 3208 vs.
955 3133 1028 3208 852
1048 3155 1148 3231 seqq.

1068 3253 1150 3302 con·

116 3443 145 3512 a)
163 3443 224 3500 Vid.
250 3443 364 3514 Hesycla.
386 3445 414 3500 in
429 3463 452 3502 r.
477 3443 645 3516 11.v,a96.
673 3445 733 3514 eqni
756 3461 786 3499 οο
804 3455 952 3502 nascuntur.
1032 3439 1063 3512 a)
1080 3437 1144 3498 vit

78 3525 372 3597 §attritamque
400 3535 522 3598 κρῖμνον.
619 3525 648 3592 5)
665 3525 716 3582 Od.
737 3524 794 3595 lll,
812 3528 872 3582 480.
904 3527 1009 3595 Ὀιρον,
1026 3521 1146 3594 quanvis.

80 3609 314 3680 incibiaprnpria
339 3627 406 3680 ror,
424 3609 454 3662 dc
472 3609 636 3679 pometiam
658 3605 799 3660 adhibetur
823 3607 856 3663 ll.
872 3607 922 3675 xl,
940 3611 1000 3678 629.
1035 3605 1145 3670 Peregre
1233 3651 1236 3660 ,

78 3691 179 3748 abituri
196 3691 283 3746 cibum
300 3711 387 3747 aecum
404 3691 536 3744 habebant
550 3691 685 3758 δΙρμσσικ
701 3691 730 3740 ta
743 3699 880 3741 πυκινοῖσι
896 3690 944 3746 Od.
961 3689 1005 3756 11,
1023 3691 1088 3756 289,
1105 3683 1148 3741 rel

78 3773 183 3830 utribus
202 3778 335 3846 consutis,
353 3777 476 3846 δοροῖσιν
495 3773 669 3840 coornatam
692 3770 741 3828 Od.
762 3771 791 3827 L.
804 3771 822 3827 l.
840 3789 877 3828 rs.
894 3775 961 3840 354,
978 3769 1018 3824 rel
1035 3767 1146 3837 deniqne

78 3871 175 3927 peras,
199 3860 308 3928 κωρύκῳ
324 3877 345 3915 ο.
365 3859 436 3926 ἀσκῷ
456 3856 583 3912 inclusum
600 3855 648 3912 ot.
664 3853 705 3924 V,
723 3858 781 3926 267.
800 3853 853 3924 lll,
872 3857 930 3910 213.
1012 3849 1044 3917 4)
1062 3847 1145 3916 tlnjm

78 3937 281 4008 Libric.a‚a.
352 3937 783 4012 6)0d.lll‚155·cll.rs.snp.
854 3935 884 4005 6)
902 3933 1007 4004 (ld-ll,
1025 3935 1072 3990 181
1090 3947 1146 4010 aeq.

79 4021 123 4080 cll.
142 4041 179 4078 rs·
200 4026 248 4080 ¹56
265 4041 335 4096 seqq.
804 4099 852 4160 Η
