2828 4986
383 343 815 420 Hottsstttol.
1110 349 1131 422 3

46 541 96 618 ab
114 539 324 616 bominibus
339 540 408 614 Dei
425 555 526 614 erant
547 541 694 632 diversi,
712 539 808 642 quod
829 545 867 616 in
889 542 993 618 rebus
1013 551 1131 621 omni-

45 642 140 732 bus,
169 655 210 714 ut
225 639 386 714 honestis
401 642 448 712 ita
464 641 595 739 pravis,
620 639 826 714 mortalibus
850 645 1126 742 praecellentes,

46 755 160 842 atque
190 737 423 830 immortales,
455 763 613 814 securam
655 741 763 816 vitem
805 739 974 814 ducerent
1004 759 1039 817 et
1078 746 1127 820 ab

49 840 156 912 omni
176 849 275 936 parte
295 835 448 911 beatam.

101 941 199 1033 §.4
255 937 426 1037 Princeps
455 939 495 1012 in
518 937 617 1036 poesi
644 936 819 1009 Homerus
848 937 950 1012 nobis
978 943 1016 1016 in
1044 947 1126 1018 uni·

48 1061 158 1110 versa
185 1037 252 1110 hac
281 1035 577 1110 commentatione
609 1033 681 1106 dux
708 1035 775 1106 erit
802 1048 838 1106 et
859 1052 998 1130 auctor,
1024 1047 1126 1140 cnjus

51 1135 223 1236 quidem,
248 1159 339 1236 quae
364 1133 469 1209 nobis
498 1135 617 1209 relicta
637 1131 868 1232 gratulamur,
894 1141 1048 1212 carmina
1072 1140 1126 1213 di·

50 1235 137 1306 vina
161 1233 200 1306 in
224 1233 382 1308 heroicae
412 1233 504 1308 illius
537 1235 661 1306 aetatis
695 1257 776 1304 cum
803 1238 925 1308 ceteris
957 1239 1132 1313 institutis

49 1345 134 1404 tum
174 1333 280 1406 sacris
309 1335 417 1408 etiam
447 1331 688 1406 describendis
717 1333 766 1416 ita
797 1331 955 1430 religiose
988 1363 1129 1436 semper

53 1431 218 1504 consulta
238 1433 348 1504 secuti
375 1459 518 1520 sumus,
544 1445 602 1520 ut,
639 1427 763 1502 rivulis
793 1431 906 1529 iisque
937 1434 1129 1510 admodum

52 1555 164 1630 saepe
184 1529 336 1604 turbidis
363 1527 554 1629 neglectis,
573 1525 616 1601 eir
638 1529 715 1628 ipso
738 1529 834 1600 sonte
856 1531 1127 1631 limpidissimo,

77 1654 147 1701 uae
168 1627 274 1702 studii
293 1631 405 1702 nostri
425 1630 518 1702 sitim
534 1628 734 1728 explerent,
756 1625 987 1706 hauriremus.
1028 1639 1129 1726 Quae
1203 1640 1206 1650 ’

51 1656 153 1801 dicta
173 1751 219 1798 ne
238 1729 287 1800 ita
301 1729 348 1801 de
370 1728 476 1801 sacris
497 1725 602 1800 rebus
615 1727 858 1825 interpreteris
876 1727 1002 1823 velim,
1029 1735 1129 1834 quasi

52 1851 199 1916 omnes,
217 1851 305 1928 quos
322 1829 424 1902 variis
444 1827 528 1900 locis
537 1827 646 1899 Poeta
660 1825 843 1925 dispersit,
858 1828 951 1900 Deos
964 1831 1002 1902 in
1016 1859 1132 1906 unum

53 1925 220 2023 colligere
246 1942 282 1999 et
311 1927 383 2001 suis
405 1949 584 2028 quemque
607 1924 726 2020 elogiis
743 1922 917 2019 sigillatim
930 1923 1130 2006 describere

53 2025 319 2098 constituerim:
338 2025 377 2098 id
397 2025 494 2096 enim
506 2023 649 2122 longum
662 2035 753 2095 esset
765 2035 832 2094 eta
849 2025 990 2098 consilio
1009 2043 1131 2102 nostro

54 2123 232 2197 alienum:
259 2149 393 2196 summa
413 2123 535 2220 legisse
556 2121 672 2220 capite
688 2135 724 2194 et
742 2145 834 2222 quae
847 2120 894 2194 ad
915 2125 1132 2202 Graecorum

57 2223 217 2294 Homeri.
235 2235 345 2294 aetate
364 2222 409 2295 de
433 2221 510 2294 Diis
531 2219 734 2320 opinionem
751 2221 950 2318 pertineant
969 2225 1131 2302 universe
1242 2247 1246 2256 ’

60 2321 242 2392 monuisse
269 2319 427 2394 sufficiat.
732 2375 737 2384 -

108 2421 144 2506 ἓ.
170 2419 205 2492 5.
262 2418 398 2492 Horum
427 2415 512 2492 alius
542 2421 680 2521 majore
707 2415 804 2492 cultu
839 2435 873 2494 et
907 2423 1130 2500 veneratione

84 2517 364 2617 rosaquebantut·
378 2519 527 2606 Graeci,
551 2517 685 2588 minore
698 2513 797 2589 alios.
837 2520 999 2600 Diversus
1017 2536 1134 2598 tamen

57 2547 218 2690 beorum
240 2614 365 2690 classes
378 2613 457 2688 illas
472 2613 696 2710 ignorabant,
724 2641 814 2714 quae
829 2631 948 2717 poster
961 2623 1133 2696 constitu-

58 2730 114 2788 tae
134 2728 231 2792 sunt.
274 2715 381 2788 Unus
401 2717 491 2787 Zeus
510 2713 612 2810 longe
632 2716 760 2788 ceteris
778 2729 969 2815 potestate,
996 2721 1133 2794 sortitu·

57 2815 147 2889 dine
169 2827 205 2885 et
231 2814 435 2888 auctoritate
461 2811 617 2900 excellit,
654 2837 762 2912 quem
798 2817 918 2888 cuncti
956 2831 1132 2892 verentur.

57 2913 290 3013 Reliquorum
310 2911 460 3013 aequalis
483 2913 554 2982 sere
578 2923 631 2982 est
655 2913 695 2982 in
722 2938 782 2982 sua
804 2919 970 3014 cujusque
991 2917 1132 3018 imperii

58 3027 162 3114 parte
182 3013 236 3085 vis
254 3025 291 3083 et
309 3025 476 3110 potestas.
531 3009 586 3080 De
617 3009 742 3081 Geniis
768 3023 804 3082 et
824 3011 1019 3105 lleroibus,
1043 3043 1131 3118 quus

57 3112 271 3185 recentiores
299 3111 441 3210 proprie
474 3105 521 3179 ita
554 3119 697 3195 vocant,
723 3109 761 3180 in
786 3109 941 3184 Homero
975 3139 1022 3186 ne
1058 3141 1136 3190 ver-

59 3209 149 3284 bum
169 3207 324 3308 quidem.
368 3217 511 3302 Δαιμονας
539 3207 635 3278 enim
662 3209 853 3304 generatim
882 3207 968 3283 dicit
988 3212 1081 3287 Deos
1102 3229 1133 3310 ¹,

59 3325 95 3383 et
120 3315 239 3407 Ἥρωες
258 3339 260 3344 ·
277 3319 358 3382 sunt
389 3307 549 3378 homines
591 3307 721 3380 virtute
753 3305 807 3378 vel
831 3334 1038 3480 &acusque
1073 3313 1134 3388 de·

60 3433 165 3482 mum
191 3421 263 3479 arte
290 3417 516 3507 praestantes.
561 3403 641 3497 Quo
666 3403 808 3476 numine
869 3413 959 3484 raeci
983 3409 1041 3486 vel
1069 3443 1133 3488 au·

61 3523 176 3582 ctores
198 3529 278 3578 suos
298 3503 353 3584 vel
372 3503 594 3604 potissimum
616 3527 736 3600 reges,
760 3503 918 3582 vindices
939 3535 979 3582 ac
1001 3537 1133 3612 propu-

61 3619 225 3706 gnatores
248 3607 460 3705 omninoque
482 3601 616 3677 meritis
648 3604 792 3676 eximios
813 3609 906 3679 viros
927 3607 1130 3702 coluerunt,

1048 3736 1135 3808 quos

92 3861 130 3931 ι)
150 3858 231 3926 Quasi
249 3861 408 3928 δαήμονας,
426 3857 474 3912 icti
492 3855 675 3910 ‹llstrihutores
693 3868 719 3911 et
736 3856 969 3938 administratores.
1006 3861 1061 3916 Vox
1079 3864 1135 3918 ita·

62 3965 109 4015 que
130 3946 238 4006 dotum
255 3941 289 3996 lt.
304 3941 373 4012 llll,
389 3961 449 4012 ²91·
467 3939 556 4008 xvn,
574 3942 615 4010 98·
634 3939 706 4008 XIX,
719 3943 767 3994 118
784 3952 811 3994 et
827 3941 958 3996 sinilibus
973 3942 1037 3998 locis
1053 3950 1132 4017 (quse

61 4025 180 4082 nonnulli
204 4025 236 4080 de
263 4035 353 4096 postea
376 4025 415 4082 itt
434 4021 512 4082 (listis
531 4021 699 4078 daemonibus
725 4023 950 4095 interpretantur)
978 4026 1047 4082 idem
1067 4029 1135 4086 salet

63 4107 132 4178 quud
144 4109 221 4169 ectr.

683 4175 714 4246 A
739 4201 761 4247 2
