2814 4984
407 307 881 396 nonnosus*
1102 317 1153 424 ⁵9

75 519 251 596 livionem
277 538 350 588 una
375 523 457 589 caint
471 503 643 616 'orpom
672 514 897 593 dissolutione
925 507 1157 607 ailititmama

78 618 323 694 nistissimnm
353 613 486 712 malum
512 614 720 692 habuerunt.
770 617 864 690 liinc
896 615 1157 716 Agamemnoni

77 724 189 813 τύμβος
212 713 362 787 e'tluctus
381 709 515 786 dibilui'
530 717 566 786 ἵν’
581 717 722 807 ἄσβεστον
747 722 824 801 κλέος
849 723 892 798 εἴη
909 731 947 808 ²,
970 709 1159 787 omnibus*

77 839 150 917 que
178 837 222 888 ea
250 835 345 886 mors
374 813 593 900 miseranoa,·
625 830 733 914 quiam
764 837 784 886 o
814 814 934 904 sociis,
971 816 1032 914 qni
1059 817 1154 912 justi

77 915 167 1014 ipsis
190 910 454 1015 persolverent,
477 910 551 984 lato
573 911 693 1012 iniquo
714 909 828 986 relicti
851 909 969 985 subire
987 932 1157 1011 cogeres*

76 1027 141 1084 tur
156 1030 185 1081 ².
233 1011 298 1084 His
317 1011 558 1082 monumentis
577 1012 731 1102 mortui,
756 1010 845 1082 dnm
858 1005 908 1083 ‘in
924 1011 1013 1084 vivis
1036 1023 1151 1102 esset,

78 1111 229 1210 insignia
271 1108 528 1207 iungebantur,
561 1109 656 1209 quod
689 1108 736 1183 de
768 1108 974 1208 Elpenore,
1013 1107 1157 1206 Ulysslsi

78 1212 197 1300 socio,
233 1205 403 1294 traditur,
434 1212 535 1305 cujus
568 1208 694 1306 optimi
718 1207 958 1306 gubernatoris
989 1206 1157 1296 acerba!

78 1319 232 1379 mortem
254 1301 350 1406 luget
376 1303 543 1406 Ulysses⁹
567 1312 714 1406 ejusque
734 1333 753 1379 a
778 1328 816 1379 se
845 1304 964 1380 babitu
986 1303 1153 1378 funeran-

80 1403 121 1478 di
145 1427 230 1478 cura
250 1404 421 1506 expositu,
1147 1427 1150 1439 ·

175 1509 317 1597 Τὺμβον,
341 1503 476 1601 inquit,
495 1507 646 1598 χεύαντες,
670 1510 719 1574 asi
734 1502 781 1574 ἐπὶ
797 1507 905 1584 στήλην
925 1502 1076 1602 ineante

177 1606 319 1697 Πήξαμεν
340 1606 487 1700 ἀκροτάτῳ
505 1605 608 1697 τύμβῳ
620 1605 717 1697 εὐῆρες
736 1603 852 1698 ἐρετμόν
868 1599 898 1672 5.

124 1698 157 1798 ξ.
184 1702 220 1794 4.
268 1702 376 1772 Extra
393 1697 499 1771 nrbes
511 1698 637 1770 eodem
656 1699 755 1787 loco,
779 1721 849 1800 quo
865 1695 1034 1774 cadavera
1051 1721 1149 1774 com·

74 1797 180 1870 busta
213 1811 347 1889 crant,
395 1798 580 1896 sepulchro
618 1809 792 1870 exstructa
840 1798 945 1870 finisse
987 1821 1029 1870 ex
1062 1798 1146 1880 llio-

73 1897 132 1970 dis
152 1895 243 1970 libro
264 1897 415 1996 septimo
440 1895 580 1968 efficere
606 1894 712 1985 licet,
737 1921 807 1994 quo
829 1896 868 1967 in
902 1918 1019 1994 pugna
1034 1899 1145 1970 caesis

70 1996 274 2096 promiscue
300 2004 429 2092 justae
457 1995 619 2092 Troianis
637 1993 811 2093 persoluto
836 1992 1022 2090 dicuntur,
1046 1994 1144 2096 quotl

72 2097 135 2167 vix
165 2103 225 2164 aut
250 2118 295 2164 nc
316 2094 373 2167 vix
395 2093 539 2193 quidem
572 2115 653 2164 ase
677 2093 828 2168 invicem
855 2089 1017 2188 dignosci
1042 2106 1144 2192 pote-

69 2203 156 2266 rant
184 2213 353 2289 corpora3
387 2195 535 2288 &mosim
566 2199 626 2287 yip
647 2196 778 2283 χαλεπῶς
806 2187 953 2287 ἦνᾶνδρα
978 2195 1096 2264 ἕκαστον
1111 2192 1142 2264 ⁴.

70 2291 119 2362 In
139 2289 246 2361 maris
270 2289 376 2362 etiam
402 2290 502 2364 litore
532 2285 721 2385 sepulchra
746 2285 894 2378 fiebant,
921 2288 1050 2385 inquo
1070 2288 1141 2361 sci-

67 2387 157 2480 licet
174 2385 386 2487 sepulturam
411 2387 507 2460 nacti
529 2399 613 2458 sunt
631 2385 868 2477 Patroclus⁵‚
893 2383 1083 2460 Aol1ittes⁶
1106 2400 1142 2460 et

69 2485 254 2587 Elpenor,
280 2509 404 2588 quem,
428 2484 544 2586 inquit
562 2483 729 2584 Ulysses,

89 2643 94 2662 .
170 2589 287 2683 Φιτροιὶς
313 2637 322 2655 .
349 2639 358 2658 .
387 2640 396 2656 .
421 2585 494 2680 αἶψα
513 2591 666 2676 ταμόντες,
690 2585 732 2656 tt
747 2585 887 2682 ἀκροτάτη
907 2583 1091 2686 colticis&

171 2687 325 2779 Θάπτομεν
343 2690 510 2777 ἀχνύμενοι,
536 2685 652 2778 θαλερὸν
664 2691 739 2757 κατὰ
758 2684 849 2780 δάκρυ
869 2681 977 2779 χ’ἑοντις
993 2697 1023 2757 7.

118 2776 149 2876 §.
175 2779 213 2854 5.
263 2783 429 2872 Quamvis
449 2807 468 2852 a
486 2781 642 2878 cognatis
653 2793 688 2853 et
703 2781 934 2858 familiaribus
951 2780 1089 2858 solenni
1101 2795 1139 2858 et

71 2881 167 2949 'usto
179 2877 306 2968 modo,
322 2901 429 2982 quem
440 2875 612 2968 diximus,
633 2879 796 2977 postlata
807 2883 948 2982 sepeliri
968 2881 1137 2954 heroibus

66 2903 265 3050 llomericis
282 2979 319 3048 iu
340 2979 432 3052 votis
449 2987 562 3064 esset,
587 2975 653 3048 alia
673 2988 790 3048 tamen
811 2991 989 3078 praeterea
1002 2979 1136 3052 rabone

65 3073 318 3148 defunctorum
342 3073 502 3148 manibus
518 3073 691 3173 placidam
709 3077 862 3177 quietem
883 3091 919 3149 et
940 3075 1077 3150 facilem
1095 3087 1135 3162 εἷς

65 3175 163 3246 Ἀΐδαν
191 3171 398 3246 descensum
427 3173 542 3272 parari
568 3197 668 3272 posse
699 3173 957 3248 existimabant.
1013 3173 1148 3249 Fiebat'

65 3271 167 3344 enim
185 3269 389 3374 aliqumdo,
414 3287 453 3344 ut
470 3273 508 3344 in
527 3268 717 3372 longinqua
747 3283 839 3345 terra
859 3271 989 3347 mortui
1013 3289 1075 3347 aut
1097 3275 1136 3348 in

63 3388 164 3440 maro
183 3370 400 3472 praecipitati
420 3383 480 3442 out
499 3373 620 3470 quovis
644 3371 711 3444 alio
734 3395 816 3444 casu
833 3369 953 3444 afflicti
980 3371 1137 3470 legitime

64 3481 103 3540 et
136 3471 230 3572 justo
254 3470 438 3569 sepulchro
460 3493 534 3540 non
561 3470 770 3568 potirentur.
822 3471 887 3543 Cui
912 3469 1073 3543 fortunae
1094 3486 1133 3546 ut

62 3582 313 3640 succurrerent
343 3567 591 3643 defunctorum
624 3569 760 3664 cognati
783 3580 886 3740 afflue
908 3568 1031 3661 amici,
1058 3569 1135 3642 ina·

62 3689 129 3736 nes
141 3677 177 3736 et
191 3665 416 3741 cadaveribus
427 3687 556 3740 vacuos
573 3663 729 3738 tumulos
741 3667 782 3738 iis
848 3666 1021 3758 ucebant,
1046 3693 1132 3768 quos

942 3785 946 3799 .
1084 3795 1134 3838 m,

96 3981 127 4050 ι)
145 3979 197 4037 Ol·
215 3978 347 4047 tuost,
363 3977 398 4032 al
412 3978 528 4050 mles.
546 3979 659 4038 Nitrseb.
684 3990 713 4035 et
724 3979 774 4037 ot.
792 3979 843 4049 iil,
861 3983 893 4053 75
908 3995 981 4050 seqq·
1031 3977 1133 4046 clviii.

62 4063 322 4133 os.v‚sosseqq.
414 4059 714 4134 5)0o.x11‚14uq.
806 4059 1130 4135 illl-Vll,4aiseqq·

59 4149 89 4218 5)
110 4137 330 4211 vieti-xxm,
348 4141 405 4198 125.
456 4145 486 4217 6)
505 4144 733 4206 vitotxxtv.
750 4147 793 4204 8².
845 4141 1016 4217 7)0o.x11‚
1035 4162 1127 4218 τηις.
