2870 4986
455 271 911 358 nouantur:
1075 261 1199 378 ,69

116 499 205 552 cum
232 470 347 548 dicate
373 474 443 572 ὠμὰ
477 479 554 560 ννοός
579 483 713 570 ποταμίου
736 485 877 550 mma
899 481 951 561 ute
982 480 1106 576 eque<
1128 487 1186 558 rata

111 582 246 657 παλαιοῖς
262 589 291 650 ².
326 569 419 644 Huic
432 569 640 659 dein‚raria
652 572 738 648 licet
751 575 917 666 materia,
942 570 1039 648 idem
1051 583 1186 647 nomen

117 667 312 760 rerbausit,
332 694 440 770 eaque
458 671 611 770 epitheta
634 671 770 744 addidit
784 674 912 762 Po'e‘ta,
932 669 1059 772 quibus
1074 697 1120 745 ex
1130 691 1195 742 vae

117 772 255 844 riorum
281 767 484 843 animalium
509 768 662 867 pellibus
690 771 800 842 factas
821 771 935 866 galeas
958 771 1189 867 signiticaret,

120 881 167 942 nt
190 881 270 940 sunt
288 881 368 954 κυνέη
378 875 490 964 ταυρείῃ
507 885 525 922 ²
544 881 580 941 et
600 871 690 954 κτιδέη
708 867 737 940 ⁵.
788 869 853 942 Vel
870 871 921 942 sic
934 879 1049 942 tamen
1067 868 1114 942 ab
1134 891 1190 940 ar·

118 991 262 1040 morum
272 966 306 1038 vi
318 980 425 1066 caput
436 967 518 1038 satis
529 965 717 1040 defendere
729 967 827 1041 haud
838 980 1043 1067 potuerunt.
1067 969 1198 1066 Itaque.

123 1064 266 1140 metallo
286 1063 396 1165 pelles
414 1061 643 1154 muniebant,
663 1089 741 1138 aere
754 1067 792 1138 in
810 1065 933 1162 primis
946 1063 1193 1154 obducebant,

125 1187 279 1265 auroque
305 1163 360 1240 vet
379 1165 575 1236 ornamenti
597 1162 651 1237 vel
672 1163 839 1264 praesidii
862 1186 965 1236 causa
991 1163 1200 1251 ornabant..

122 1261 221 1335 uude
244 1259 337 1361 galea
354 1259 537 1334 dicebatur
555 1267 724 1361 χσλνήρης,
756 1260 914 1356 εὔχαλνος,
939 1261 1089 1352 rituam,
1116 1292 1192 1358 χμν·

124 1369 190 1443 στίν
206 1360 235 1432 ⁴.
283 1367 460 1456 Πσμχάλνοον
486 1371 582 1442 ννννέης
601 1357 710 1432 semel
737 1373 898 1450 tantum,
923 1373 1093 1460 quantum
1113 1383 1195 1432 me«

124 1459 239 1550 mini,
264 1459 303 1530 in
333 1459 487 1530 Homero
520 1455 614 1531 sacta
642 1458 774 1531 mentio
793 1471 848 1530 est
862 1455 892 1530 ⁵.
941 1459 975 1530 E
1002 1457 1096 1531 corio
1113 1485 1197 1532 uon·

123 1558 217 1630 fecta
241 1556 308 1628 fuis
331 1555 465 1655 Uiyssis
489 1552 604 1654 galea,
640 1557 714 1654 ρννοῡ
739 1568 858 1648 πονητή,
892 1581 999 1656 quam
1028 1554 1192 1656 pluribus

125 1652 343 1752 descriptam
378 1651 475 1754 apud
499 1659 686 1726 Auctorem
719 1651 880 1752 legimus.
936 1657 1083 1728 Inerant
1107 1653 1205 1730 huic.

127 1753 297 1850 corrigiae
314 1751 500 1837 cariadae,
525 1761 660 1846 ἱμάντες,
684 1751 813 1852 quibus
840 1752 990 1826 firmiter
1014 1754 1110 1829 intus
1130 1753 1194 1827 ad·

126 1851 245 1925 ductis
264 1850 555 1949 superinductum
577 1850 827 1940 anscarium,
851 1855 961 1923 πολέσιν
979 1849 1106 1926 ἔντοσθεν
1122 1865 1194 1948 ἱμᾶ-

127 1981 175 2023 σιν
197 1958 322 2022 ἐντέτατο
338 1966 475 2048 στερεῶς,
501 1947 549 2022 ita
578 1961 697 2022 tamen
723 1961 764 2022 ut
784 1949 879 2022 inter
904 1949 1068 2046 corrigias
1082 1963 1193 2024 etcu-

125 2048 224 2122 rium
243 2045 380 2120 medius
402 2045 570 2120 inductus
584 2059 676 2118 esset
690 2053 785 2136 πῖλος,
802 2044 928 2137 idest,
949 2044 1029 2119 lana
1041 2047 1196 2122 cunden-

131 2159 208 2218 sata
223 2146 258 2218 ⁶:
285 2157 379 2242 μέσσῃ
397 2146 429 2234 df
442 2152 481 2217 ε’νῖ
494 2150 570 2226 πῖλος
585 2147 696 2242 ἀμάμὲ.
733 2145 751 2218 I
753 2158 855 2243 taque
867 2169 942 2236 uon
957 2141 1103 2235 lamina,
1129 2145 1194 2220 sed

129 2241 298 2318 dentibus
316 2242 449 2344 aprinis
468 2239 630 2341 pluribus
648 2242 878 2315 exstrinsecus
894 2254 970 2316 erat
983 2243 1141 2338 munita,

239 2393 437 2422 ......
459 2347 575 2414 ἔκτοσθε
591 2343 622 2412 di
640 2345 730 2412 λευκοὶ
743 2345 845 2423 ὀδόντες

141 2491 146 2498 -
232 2443 415 2538 Ἀργιόδτντος
433 2447 476 2524 ὑὸς
489 2445 589 2532 θαμέες
606 2443 677 2534 ἔχον
688 2439 755 2512 ἔνθα
770 2447 819 2511 καὶ
837 2435 907 2512 iada
923 2455 958 2528 ⁷,

129 2538 195 2640 qui
209 2541 357 2614 telorum
376 2539 466 2621 ictus
484 2535 685 2636 exciperent
699 2535 739 2628 ⁸,
767 2534 964 2638 quibusque
987 2535 1189 2634 firmandis,

128 2651 173 2710 ut
190 2639 238 2711 ait
255 2637 433 2736 thynius,
456 2649 493 2708 et
511 2633 736 2710 includendis
751 2633 841 2710 forte
861 2634 946 2710 istae
965 2637 1130 2737 corrigiae
1146 2642 1195 2714 si·

130 2733 209 2811 mul
233 2735 468 2810 inserviebant
482 2748 511 2806 9.

181 2836 344 2908 Summae
369 2831 482 2932 galeae
504 2832 597 2906 inest
629 2837 713 2932 φάὶος
743 2857 772 2908 s.
800 2853 930 2922 conus,
963 2835 1062 2934 cujus
1087 2859 1194 2930 cavo,

131 2933 229 3038 quod
259 2940 340 3018 αὐλὸς
364 2931 436 3004 sive
457 2933 587 3015 αὐλῶνος
613 2944 817 3022 vocaturn,
850 2932 980 3005 inserta
998 2945 1052 3004 est
1070 2934 1194 3025 enata,

132 3041 233 3132 ὶομνς,
257 3056 345 3134 quae
373 3031 457 3104 setis
482 3030 642 3132 equinis,
669 3031 767 3104 vario
786 3053 889 3131 saepe
912 3028 1027 3104 colore
1049 3031 1196 3132 insigni·

133 3129 228 3219 bus,
263 3127 443 3204 constabat
456 3143 513 3220 ²²,
547 3128 642 3201 unde
664 3138 792 3228 ἵππουρις
816 3137 895 3214 anta
926 3125 1131 3225 dicebatur,
1156 3142 1196 3204 ut

12 3315 15 3322 ⁴
136 3227 271 3304 iubis:

978 3329 1203 3486 ,(ς,

150 3519 462 3596 ἰ1ΔιΙῙῙ.111,556.
561 3521 670 3592 a)Vid.
697 3521 854 3599 n.X,2s7
874 3535 929 3596 req.
1025 3519 1137 3590 Mid-
1161 3519 1198 3581 n.

134 3607 169 3665 1ο.
186 3605 207 3664 1.
224 3622 260 3663 vs.
277 3607 338 3663 335.
424 3600 454 3671 t)
473 3599 736 3676 vtt.1t111,516.
761 3605 858 3676 nea.
882 3607 942 3668 nt,
959 3604 1018 3674 598.
1039 3601 1089 3660 Od.
1107 3601 1198 3674 ml,

139 3705 200 3742 ιον.
216 3685 252 3740 al·
339 3683 370 3752 5)
387 3683 436 3740 Od.
454 3683 558 3756 xvtu,
575 3688 634 3756 577.
722 3685 751 3757 6)
770 3686 811 3743 Ita
828 3689 909 3744 vertit
929 3687 1014 3756 Ileyn.
1036 3683 1100 3739 Ver.
1115 3681 1200 3740 Isctt·

137 3781 166 3824 ct
182 3767 289 3825 Obrerr.
308 3765 340 3821 ad
357 3766 390 3824 11.
405 3767 448 3838 X,
464 3771 522 3824 262.
556 3767 663 3837 Kttppen
681 3765 761 3823 babet
777 3793 790 3826 ν
805 3772 861 3824 eine
874 3773 941 3838 Lege
957 3783 1005 3820 von
1024 3763 1106 3819 ew
1123 3765 1150 3824 J.
1161 3765 1199 3824 11.

138 3850 215 3906 voss.
230 3872 243 3906 ν
257 3850 300 3904 rin
311 3849 367 3903 Fila
380 3849 549 3904 werdriuuen
558 3848 708 3918 testatae·
776 3851 804 3923 7)
822 3851 854 3909 11.
864 3852 902 3923 X,
911 3851 962 3906 263
972 3865 1027 3920 seq·
1096 3846 1127 3917 8)
1139 3845 1201 3906 vit.

139 3929 229 3988 Sebcl.
247 3923 325 3984 vati
343 3930 378 3988 11.
394 3930 450 3989 1.1.
543 3929 573 4002 9)
592 3929 622 3984 In
642 3931 762 3986 notind
779 3932 814 3988 11.
831 3933 884 3990 1.1.
979 3929 1025 4000 ιο)
1042 3927 1112 3984 Hinc
1131 3947 1202 4001 'cpu-

139 4013 241 4074 ‚utam
263 4012 385 4074 αὐλῶπις
409 4012 442 4069 11.
459 4011 502 4085 V,
520 4015 577 4069 182.
603 4012 652 4085 xl,
676 4017 727 4070 352
750 4032 805 4086 req·
829 4013 909 4081 XIII,
926 4015 989 4069 530.
1084 4009 1130 4080 n)
1148 4009 1202 4078 Qui

137 4093 248 4150 invicem
275 4093 331 4150 iere
360 4094 503 4150 contrariu
531 4093 618 4156 Sahal.
652 4107 680 4154 τι
705 4095 879 4168 Interpretari
901 4095 933 4151 de
966 4091 1054 4186 {slepe
1084 4093 1204 4168 pertibus

1181 4183 1209 4232 08
