2828 4986
351 241 854 384 sucosu1uu
1085 295 1145 413 η

59 509 202 602 undis,
224 532 272 584 ne
296 503 408 582 nimia
435 501 713 577 testimoniorum
736 503 836 604 copia
856 505 1003 581 modum
1023 535 1127 586 cxco-
1181 491 1184 499 ¹

56 636 246 720 dommus,
269 649 341 725 neu
362 620 569 728 eorumdem
590 620 708 720 inopia
731 619 832 694 dictis
851 621 958 700 iidem
978 629 1132 705 auferre-

58 775 160 842 mus,
186 775 249 838 ea,
267 769 338 847 qua
358 765 421 842 par
442 752 532 830 erut,
557 737 734 838 diligentia
752 763 873 816 cavere
894 743 1107 824 studuimus.
1145 726 1148 736 ’

109 869 169 942 Ad
189 867 327 940 Graeca
351 857 499 936 Homeri
527 855 666 936 verbus
692 855 788 956 quod
817 857 964 936 attinet:
996 853 1132 941 hacco

61 983 214 1062 &suero
232 981 271 1058 in
295 1003 357 1070 ea,
381 999 488 1080 quam
514 973 670 1066 curavit,
694 973 826 1050 Feithii
851 975 1006 1052 editione
1022 994 1058 1071 ²,
1083 979 1136 1057 la·

60 1107 148 1178 linis
176 1097 314 1174 reddita
342 1106 437 1168 sunt.
493 1093 608 1187 Quem
636 1095 717 1168 Viri
739 1096 845 1172 Doct.
868 1121 1006 1171 morem
1029 1097 1132 1172 nobis

59 1218 337 1322 haudquaquam
370 1212 583 1288 seruandum
612 1235 689 1288 esse
720 1211 896 1288 duximus.
955 1215 1005 1289 Iis
1033 1218 1134 1292 enim

60 1340 284 1412 Graecarum
311 1333 493 1408 literarum
530 1330 696 1408 studiosis
731 1329 941 1427 scribimus,
978 1336 1041 1436 qui
1068 1331 1135 1409 ali·

59 1483 191 1558 quam,
215 1477 284 1530 nec
302 1448 597 1529 contemnendum
615 1449 768 1526 Graecae
787 1449 926 1548 linguae
947 1451 1133 1529 scientiam

57 1573 124 1648 sibi
146 1581 418 1672 compararunt,
443 1567 666 1672 quibusque,
684 1569 724 1644 in
744 1565 821 1670 ipso
839 1570 997 1644 Homero
1018 1570 1136 1670 legen·

56 1691 106 1764 do
131 1689 339 1791 occupatis,
376 1687 611 1790 interpretatu
637 1683 736 1762 haud
757 1687 805 1760 iu
838 1685 994 1762 difficilia
1026 1703 1132 1764 erunt

56 1810 190 1885 Posce
218 1805 347 1886 verba:
373 1807 486 1882 immo
513 1828 555 1880 eo
582 1818 686 1881 eunt
706 1803 878 1894 faciliora,
904 1805 999 1907 quod
1023 1807 1147 1917 Grae-u

55 1929 106 2000 cis
130 1951 253 2002 aarum
279 1949 421 2015 rerum,
453 1951 540 2027 quas
567 1926 727 2028 proximo
751 1946 890 2028 quoque
913 1925 988 2000 loco
1009 1925 1130 2000 latinis

55 2043 175 2119 verbis
190 2041 374 2144 explicitas
392 2039 575 2135 dedimus,
601 2039 655 2117 rel
677 2044 876 2116 testimonia
895 2043 950 2117 vel
970 2030 1133 2145 exempla

55 2163 306 2237 continentur..
345 2160 459 2248 Dein,
484 2161 564 2260 quis
587 2183 716 2260 quaeso
741 2173 817 2250 est,
842 2160 969 2259 quiex
993 2187 1133 2235 accura-

57 2281 196 2353 tissima
220 2277 328 2351 etiam
360 2276 522 2352 versione
544 2272 602 2351 vel
626 2289 761 2350 veteres
796 2278 945 2351 omnino
970 2291 1132 2353 auctores

54 2395 116 2474 rel
143 2395 353 2499 praesertim
388 2399 531 2495 pcitam
553 2393 752 2468 Homerum
772 2395 935 2494 cognosci
957 2409 994 2469 et
1015 2398 1130 2500 perci·

54 2517 95 2620 pi
114 2537 218 2616 posse
235 2512 328 2588 serio
350 2511 567 2588 contendat?
597 2510 791 2588 Audiamus
813 2512 1128 2615 locupletissimum

51 2631 220 2740 prolecto
245 2631 352 2730 hujus
370 2631 422 2704 rei
444 2628 616 2732 judicem,
642 2629 688 2703 D.
714 2627 1054 2727 Wyttenbaohium,
1079 2633 1132 2708 vi·

51 2775 138 2826 rum
158 2769 360 2838 summum,
384 2748 502 2851 quiin
521 2747 683 2850 Epistola
698 2748 831 2824 critica
854 2749 900 2838 ad
919 2749 1016 2826 Phil.
1037 2749 1132 2826 Guil.

51 2863 257 2942 Heusdium
268 2865 349 2940 Vir.
361 2865 418 2940 cl.
437 2865 458 2922 ⁵
478 2866 544 2940 osi
561 2867 612 2942 nil
628 2867 697 2940 nisi
716 2863 808 2940 iacta
828 2869 1050 2969 quaerimus,
1071 2873 1131 2945 in·

52 3021 75 3060 n
103 2986 207 3088 quit,
232 2998 274 3062 ut
291 2984 330 3062 in
349 2982 521 3074 historia,
543 2983 657 3088 possit
677 3009 760 3064 sane
780 2989 934 3090 scriptor
953 2989 994 3062 in
1017 2987 1135 3087 vulga·

1021 3134 1043 3175 u
1058 3132 1136 3180 rem

93 3365 132 3442 1)
152 3363 188 3426 ln
211 3363 325 3445 quilius
347 3385 386 3428 ex
416 3364 516 3429 iliade
544 3365 758 3432 descrihendis
775 3363 908 3450 Haynii,
935 3387 972 3430 ex
997 3368 1132 3452 Odyssea

52 3469 192 3532 llsnestii
212 3477 327 3530 textum
340 3469 439 3530 secuti
455 3485 569 3532 sumus.

73 3613 78 3622 ·
95 3573 134 3648 2)
153 3571 273 3633 Graeca
288 3591 346 3634 nec
363 3571 403 3634 ab
420 3572 488 3652 ipso
503 3571 625 3636 Feithio
646 3591 735 3646 versa
755 3573 853 3636 inisse
869 3573 1032 3651 ridentur,
1052 3593 1132 3656 quae

52 3670 186 3752 quidem
204 3671 356 3752 inprims
374 3671 578 3753 Antiquom.
596 3673 730 3739 editione
746 3695 794 3739 an.
813 3675 891 3740 16⁷7
911 3677 977 3738 siue
989 3677 1132 3738 versione

53 3774 140 3855 typis
157 3773 337 3838 excudenda
347 3776 467 3837 curarit
484 3773 662 3840 Brumanus.
1136 3840 1142 3858 ,

92 3875 130 3952 3)
151 3875 240 3948 Quas
269 3883 367 3950 exsut
401 3879 433 3938 in
466 3879 510 3938 Cl.
538 3877 667 3940 chsdii
697 3875 784 3962 Spec.
813 3877 886 3941 crit.
909 3879 941 3941 in
975 3880 1131 3948 Pletoniam

51 3995 123 4056 pag.
138 3991 265 4050 xxxin,
286 3988 317 4041 at
337 3979 467 4066 repetita
486 3989 533 4042 ost
551 3981 584 4042 ln
608 3981 644 4043 D.
668 3979 893 4064 wytunbachii
911 3983 1021 4066 Opusc.
1040 3988 1127 4050 Tom.

51 4076 87 4137 ll.
108 4098 140 4160 p.
164 4083 177 4138 l
200 4099 285 4164 seqq.
