2870 4986
274 331 279 344 ’
380 317 813 439 uouunrou
955 319 959 326 ’
1061 304 1163 476 ,ᾖ’

168 549 292 632 ’.πεξ-
319 559 509 654 dancrat,
533 567 739 656 χοροωπτιῇσιν
758 557 866 658 ἄριστα
882 573 920 616 ¹·

65 676 138 730 nec
172 665 292 730 tamen
322 655 403 759 quia
427 679 569 727 omnem
592 656 807 730 saltationem
860 655 964 732 robro
986 654 1133 740 duceret

7 761 9 802 ¹
69 777 202 843 senex,
227 753 289 827 sed
312 755 394 857 quia
423 751 512 826 lorte
533 753 566 825 ei
597 755 636 827 in
657 755 729 828 vita
751 682 922 832 desidiosa
941 755 1047 834 nimis
1078 760 1134 835 in-

67 849 273 950 dulgerent,
299 852 391 925 etin
418 850 533 925 choris
561 845 644 926 laeti
664 851 812 944 saltare,
838 881 943 956 quam
967 857 1005 930 in
1027 859 1133 933 armis

67 951 176 1022 fo'rtes
208 973 416 1025 concurrere
443 947 601 1024 mallent.
659 949 774 1026 Simili
807 948 852 1026 de
882 980 986 1028 causa
1015 956 1135 1032 Paridi

69 1047 238 1120 citharam
269 1061 304 1122 et
329 1061 444 1122 cetera
473 1050 642 1148 Ἀφροδὴης
671 1053 750 1148 δῶρα
788 1047 909 1151 obiicit
945 1052 1078 1128 Hector
1093 1071 1136 1146 ²,

68 1143 168 1244 qnod
191 1145 323 1221 cithara
345 1143 392 1219 ad
416 1143 544 1220 lasciva
575 1147 748 1234 carmina,
781 1160 817 1221 et
841 1145 1057 1250 Aphrodites
1082 1149 1142 1226 do·

71 1241 171 1318 tibus
191 1242 237 1318 ad
257 1243 429 1320 luxuriam
449 1256 485 1317 et
499 1243 675 1342 ignaviam
687 1242 900 1325 abuteretur.

406 1533 805 1570 na*-

294 1704 947 1840 ournrsuxruu

237 1949 291 2031 ou
313 1976 458 2032 runrrs
491 1977 700 2030 nunonuu
724 1977 979 2040 eunsnrnus.

131 2219 165 2318 ξ.
194 2241 225 2292 r.
273 2172 461 2312 Infestis,
485 2237 573 2322 quae
589 2217 742 2320 plurima
761 2241 844 2293 cum
862 2219 901 2293 in
914 2219 1070 2296 Deorum
1084 2221 1148 2300 lio-¹

85 2339 211 2395 norem
237 2310 488 2410 celebrabant,
512 2328 590 2389 tum
619 2317 685 2390 alia
711 2337 920 2420 quacunque
941 2322 1148 2422 opportuni·

87 2429 194 2506 tate,
222 2411 267 2488 vin
298 2413 454 2488 defuncti
483 2439 516 2490 v.
549 2441 580 2488 c.
609 2415 714 2488 amici
742 2414 942 2509 honorem,
977 2419 1147 2509 edebant,

86 2517 126 2590 in
150 2514 205 2586 his
220 2515 327 2612 igitur
349 2514 436 2586 varii
456 2513 589 2612 generis
606 2511 710 2587 ludos
725 2512 891 2614 egebant,
916 2529 956 2589 nt
974 2519 1068 2592 Deos
1094 2515 1148 2592 vel

86 2612 218 2690 mortui
243 2635 363 2682 manes
379 2612 613 2703 honorarent,
636 2611 835 2716 quibusque
855 2611 944 2688 adeo
963 2613 1055 2688 ludis
1074 2639 1152 2693 cor·¹

87 2713 185 2814 poris
208 2707 316 2782 robur
338 2720 375 2781 et
391 2708 523 2808 agilitas
539 2735 646 2812 quam
671 2710 821 2789 maxime
842 2713 1075 2810 augebantur,
1098 2715 1149 2786 ita

85 2824 127 2884 ut
148 2809 203 2880 ad
219 2803 463 2904 fortitudinem
488 2831 674 2910 rerumque
704 2806 908 2884 bellicarum
943 2810 1147 2885 facultatem·

88 2901 365 3009 promovendam
385 2907 469 2981 festa
488 2903 648 2978 valerent
672 2917 708 2977 et
730 2903 816 2980 ludi.
865 2907 921 2982 Ita
943 2909 1046 2984 Iones
1061 2933 1147 2984 con·

88 3003 224 3107 gregori
248 3003 432 3094 dicuutur,
457 3003 518 3106 qui
541 2996 739 3104 Apollinem

191 3155 206 3178 0v
227 3153 241 3175 ι
265 3154 275 3175 .
301 3115 477 3201 ,πυγμαχιῂ
498 3133 529 3176 τε
548 3111 598 3175 aad
620 3107 758 3200 ὀρχηθμῷ
778 3111 827 3176 καί
843 3107 925 3202 alubi

192 3201 377 3294 Meminerat
399 3214 567 3297 τέρπουσιν,
587 3205 656 3273 ’ὅταν
679 3213 836 3281 στήσωνται
857 3207 955 3304 ἀγῶνα
970 3200 999 3278 3.

93 3299 239 3373 Corolia
265 3298 456 3371 certamina
486 3299 629 3396 Augeae
646 3306 803 3399 tempore
832 3301 870 3372 in
892 3300 1019 3392 Elide,
1047 3319 1156 3402 equo·¹

91 3421 174 3474 rum
191 3396 396 3472 feracissima
419 3395 585 3494 regione,
609 3395 726 3470 locum
749 3397 912 3472 habuisse
942 3413 1063 3472 monet
1079 3402 1157 3476 Ho-

92 3519 213 3570 meros
229 3494 247 3548 4
262 3551 271 3586 ,
287 3497 347 3596 qui
361 3517 402 3566 co
428 3495 500 3568 iose
514 3508 549 3568 et
562 3492 736 3592 eleganter
753 3507 826 3568 toto
838 3497 911 3572 sere
930 3497 1053 3571 Iliadis
1067 3499 1159 3572 libro

93 3593 261 3690 vigesimo
284 3595 385 3666 tertio
403 3521 507 3666 iudos
528 3591 717 3683 describit,
740 3619 826 3692 quos
853 3595 896 3666 in'
913 3593 1072 3669 defuncti
1088 3598 1154 3670 Pa·

97 3691 199 3765 trocli
237 3691 407 3764 honorem
446 3687 673 3763 celebrandos
708 3689 819 3765 edixit
850 3692 1004 3766 Achilles
1018 3693 1050 3768 ⁵.
1113 3697 1157 3770 ln

53 3863 57 3874 ,
97 3789 249 3892 hospitis
279 3803 458 3890 praeterea
496 3788 692 3862 illustrioris
725 3793 868 3888 gratiam
902 3791 996 3864 vario
1025 3815 1045 3862 a
1078 3793 1156 3866 viro

951 3941 956 3950 .
1067 3892 1165 3992 prin.

134 4049 165 4122 r)
182 4051 214 4116 lt.
233 4049 335 4122 rtur,
352 4052 410 4106 aar.
498 4047 527 4121 a)
546 4037 579 4108 ll.
596 4045 661 4122 Ill:
672 4051 707 4108 st
720 4069 774 4123 req·
862 4049 891 4118 5)
910 4049 1005 4122 Hynru.
1023 4051 1051 4108 iu
1069 4054 1156 4128 Apoll.

97 4147 135 4190 vr.
151 4137 201 4204 rto
216 4151 270 4206 aeq.
346 4131 381 4200 tl
395 4131 426 4188 ll.
444 4131 495 4204 XI,
513 4137 563 4206 697
579 4149 651 4206 seqq.
666 4132 701 4187 ad
716 4151 743 4204 q.
761 4135 781 4188 l.
799 4131 876 4187 stau
892 4131 977 4204 lleyn.
995 4123 1158 4204 tubuas

98 4229 129 4274 ot
145 4215 253 4274 otmv.
338 4215 371 4284 5)
387 4212 451 4270 tute
467 4231 483 4270 ι
500 4233 538 4274 rr.
555 4218 604 4288 ⁸⁵?
621 4214 655 4271 at
673 4214 733 4276 ut
759 4215 846 4272 ἦπου.
885 4295 910 4354 ¹
1218 4235 1221 4240 ¹
