2828 4986
267 798 533 880 CAPUT
591 787 965 884 SEXTUM.'

321 1011 375 1070 DS
404 1005 619 1066 REGIBUS
650 1007 706 1062 tta·
738 1007 879 1064 YOM.

112 1247 145 1347 ξ.
172 1271 204 1322 1.
251 1203 314 1320 lu
334 1243 402 1319 rite
417 1243 553 1322 lustrati
571 1257 607 1322 et
624 1245 706 1348 puri
725 1246 772 1322 ad
789 1247 929 1349 pietatis
948 1249 1061 1329 officia
1077 1279 1132 1331 ex·

62 1342 243 1448 sequenda
269 1369 307 1419 se
334 1343 582 1438 conserebant,
611 1369 810 1449 quaecum
840 1349 1019 1425 sacrifieiis
1052 1354 1130 1430 Diis

62 1441 308 1560 praestabant,
331 1453 408 1516 tum
427 1444 591 1559 precibus
612 1469 653 1520 ec
680 1444 780 1520 votis.
830 1444 918 1518 Suae
940 1449 1037 1522 enim
1064 1451 1132 1529 sibi

66 1540 312 1617 imbecillitatis
330 1541 484 1632 conecti,
509 1567 597 1643 quae
615 1541 687 1644 ipsi
706 1541 844 1618 efficere
869 1570 942 1618 non
968 1561 1132 1646 poterant

61 1642 185 1716 omnia
217 1641 256 1714 in
288 1640 443 1714 Deorum
469 1652 643 1742 potestate
668 1641 782 1752 posita
806 1641 1008 1722 credebaut.
1058 1647 1133 1720 Hos

68 1740 78 1760 '
103 1742 174 1814 'tur
202 1737 268 1812 sibi
285 1737 456 1854 propitios
470 1738 619 1818 reddere
638 1763 658 1810 e
677 1765 715 1812 re
734 1766 794 1812 sua
813 1739 1011 1835 ducebant,
1035 1744 1131 1844 quod

60 1840 79 1938 (
109 1863 236 1912 umena
261 1862 379 1914 omma
406 1834 452 1910 ad
472 1837 566 1916 Deos
585 1837 848 1934 transferentes)
872 1865 945 1921 non
965 1842 1131 1942 precibus

67 1949 207 2011 tantum
234 1935 325 2008 effici
346 1933 615 2025 existimabant,
644 1934 786 2011 sedvel
810 1939 959 2022 maxime
982 1941 1133 2014 muneri.
1176 1971 1180 1984 .

67 2033 138 2110 bus
155 2032 282 2107 oblatis
300 2032 459 2134 rotisque
478 2032 667 2136 susceptis,
727 2031 828 2107 uibus
853 2050 966 2110 motos
990 2037 1134 2111 immor-

66 2131 156 2212 tates
184 2131 315 2222 factius
368 2156 465 2210 reces
497 2158 577 2208 suas
605 2060 825 2206 exaudituros
857 2131 924 2208 sibi
953 2159 1132 2232 persuase-

67 2241 161 2308 rant.
210 2229 305 2304 Vota
330 2229 338 2246 ’
371 2233 399 2302 'a
419 2229 531 2310 facere
553 2254 599 2304 ue
620 2228 741 2326 ligenti
755 2247 774 2284 ²
793 2255 881 2304 vana
897 2246 980 2304 sunt
1001 2246 1036 2304 et
1055 2235 1132 2306 irri·

68 2341 104 2406 ta
125 2351 355 2430 quaecunque
375 2352 473 2402 susce
520 2328 575 2400 rit.
642 2351 823 2426 resperum
836 2327 931 2400 enim
955 2331 1006 2401 rei
1028 2355 1134 2406 even·

66 2441 169 2518 tum,
195 2425 323 2503 ut'bao
339 2439 448 2498 aetate
497 2425 654 2500 ominum
675 2421 721 2496 de
745 2426 861 2498 Diiso
887 2425 958 2500 inio
978 2427 1132 2520 ferebat,

65 2527 119 2606 illi
149 2523 284 2602 invidet
315 2519 473 2616 numen,
509 2535 616 2622 μέγῃρι
644 2525 702 2621 γάρ
734 2523 803 2596 οἰὸ.
861 2450 920 2596 bic
950 2524 1067 2598 dando
1092 2555 1133 2600 ac

65 2622 223 2728 petendo
241 2621 405 2700 universa
423 2621 672 2696 conficiebatur
693 2619 829 2718 religio,
886 2621 940 2694 De
970 2621 1133 2738 precibus

66 2725 222 2826 primum
242 2745 408 2822 agemus,
433 2721 480 2793 ita
497 2718 642 2816 jubente
661 2717 834 2802 humanae
852 2721 1066 2804 necessitatis
1077 2720 1131 2794 le-

67 2848 129 2922 ge,
154 2820 214 2895 cui
233 2842 355 2894 omnes
373 2815 515 2917 subjicit
535 2819 733 2895 Homerust
775 2839 777 2846 ’
915 2899 921 2910 ¹
1013 2821 1017 2830 '

188 2931 191 2939 “
281 2923 393 3012 Hister
416 2919 447 2990 di
471 2923 539 2992 θεῶν
562 2913 840 3013 χατέουσ’ἄνθρωποι
855 2917 884 2992 ὅ.

62 3017 116 3094 Ut
135 3027 253 3090 autem
273 3014 358 3088 rarii
375 3026 458 3088 sunt
472 3009 667 3087 eommunis
683 3012 774 3086 ritae
795 3016 906 3101 usus‚'
922 3014 970 3089 ita
991 3041 1130 3120 quoque

61 3117 180 3194 variae
198 3113 342 3194 fuerunt
352 3118 503 3214 preces,
528 3111 699 3210 variisque
711 3109 820 3182 factae
833 3111 929 3204 Diis,
954 3129 1058 3213 prout
1069 3143 1131 3190 suo

63 3211 212 3314 singulis
231 3209 343 3284 officia
371 3235 446 3284 esse
466 3207 709 3284 credebantur.
758 3209 901 3308 Troiani
927 3211 1131 3288 decivitate

63 3339 126 3388 cua
201 3306 389 3386 riclitantes
413 3307 575 3382 Atheneo
600 3311 771 3404 tpvn'atrcio
789 3307 951 3382 invocant
968 3309 1002 3403 ⁵3
1026 3312 1130 3387 Proci

63 3335 200 3486 Peneid
243 3433 259 3480 s
279 3407 318 3480 in
341 3405 528 3506 sagittandi
543 3405 734 3480 certamine
752 3404 950 3505 Apollinem
967 3407 1006 3501 ⁶;
1030 3411 1128 3482 nari-

65 3522 188 3613 gantes
234 3503 438 3588 oseidcuem
456 3517 501 3580 et‘
512 3504 691 3580 Castorem
707 3519 744 3578 7:
770 3505 827 3580 alii
840 3503 941 3600 alios,
967 3533 1054 3610 quos
1070 3531 1133 3608 pe·

1073 3631 1132 3679 ct:-

96 3782 126 3852 ι)
145 3777 209 3838 Vid.
227 3797 251 3836 s·
264 3796 289 3854 ς.
305 3777 340 3840 n.
354 3775 403 3849 tx,
420 3777 472 3850 493
487 3793 559 3849 seqq.
645 3775 676 3848 α)
693 3773 777 3844 Quem
791 3775 912 3834 dicebant
930 3778 980 3832 ode
996 3775 1124 3835 tuetur·

62 3875 93 3928 nt
110 3863 143 3920 ll.
159 3861 260 3933 XXIII,
276 3863 337 3918 863.
404 3859 478 3928 5)Ut
494 3857 528 3917 11.
545 3856 610 3916 Η.
628 3875 664 3916 rs.
680 3857 740 3916 865.
757 3857 900 3930 ettpnee,
918 3877 955 3916 rs.
1023 3859 1053 3930 4)
1071 3863 1122 3920 0d.

63 3945 187 4016 uhts
269 3939 499 4014 stritthem
582 3939 858 4010 etotxxheet.
935 3939 1076 4014 rissam·
1097 3945 1127 4005 in

64 4025 172 4088 t’oeeta.
188 4043 226 4084 rt.
242 4044 268 4099 7.
302 4021 345 4083 Cf.
360 4023 456 4094 tirno.
474 4025 503 4080 in
518 4020 684 4094 Aoos-tosus
699 4022 735 4081 11.
753 4040 848 4166 ”139³
