2828 4986
69 355 73 362 ·
181 306 307 380 .16
539 299 1060 392 ANTIQUITAS

244 499 456 671 pllerumque
488 495 762 589 administram,
786 498 836 574 ita
855 511 897 572 ut
915 496 982 573 boc
1013 511 1154 574 tantum
1170 507 1321 581 nomine
1386 577 1387 584 ,

283 600 393 672 omeri
418 609 530 671 aetate
549 595 742 672 sacerdotio
757 599 858 697 fungi
879 597 950 670 dici
972 597 1082 699 possit
1097 615 1127 670 ².
1386 689 1387 692 Ἴ

294 697 324 796 ξ.
351 723 386 773 a.
434 694 570 788 Quibus
586 721 674 769 vero
691 694 778 770 locis
804 695 937 798 templa
960 695 998 768 in
1027 697 1185 770 Deorum
1206 699 1319 777 bono·
1386 721 1387 724 ’

244 823 322 869 rem
343 808 535 884 exstructa,
566 792 623 868 vel
635 801 729 868 ἅὶσεα
749 809 785 867 et
798 809 898 889 τεμένη
921 807 1124 868 consecrata
1145 797 1316 892 suerunt,

244 893 372 969 iisdem
395 891 592 966 sacerdotes
623 891 790 982 aderant,
815 895 876 994 qui
900 919 957 966 res
992 894 1126 968 divinas
1151 893 1316 990 obirent,

244 1019 335 1092 quos
353 989 459 1065 modo
481 1011 616 1085 μωτεῑς,
638 989 746 1063 modo
769 1003 882 1086 ἱερῆας,
907 989 989 1065 alibi
1010 990 1111 1065 aliter
1133 1011 1317 1096 nuncupat

243 1092 446 1178 Homerus,
463 1089 609 1162 nomine
632 1114 652 1158 a
674 1087 820 1164 delinita
839 1089 1124 1190 ipsorum-officii
1140 1105 1240 1192 parte
1255 1096 1318 1168 de-

243 1203 371 1266 sumto.
420 1187 527 1279 Ἱερῆας
550 1199 722 1288 quatenus
749 1214 874 1262 omnes
895 1214 1072 1262 sacrarum
1096 1215 1216 1263 rerum
1233 1209 1316 1272 sunt

243 1290 434 1390 participes
450 1285 488 1356 ⁵:
526 1306 659 1380 μαπεῖς,
693 1287 824 1388 quippe
853 1289 915 1388 qui
932 1287 1058 1388 singuli
1076 1289 1233 1362 Deorum
1253 1318 1317 1366 vo·

241 1389 413 1463 luntatem
439 1382 679 1484 adsequuntur
698 1397 733 1456 et
760 1387 876 1460 sumra
895 1387 1123 1486 praevident,
1149 1413 1241 1488 quae
1261 1415 1317 1462 ca·

243 1501 348 1560 tenus
365 1511 385 1556 a
400 1483 476 1556 Diis
490 1485 558 1582 ipsi
580 1484 753 1584 accepisse
769 1485 937 1558 dicuntur
952 1487 982 1558 ⁴.
1021 1481 1178 1582 Ἄρηι-ἦμες
1193 1487 1211 1539 ⁵
1224 1514 1317 1562 nun·

242 1597 436 1683 cupantur,
460 1595 651 1682 quatenus,
679 1609 767 1682 quae
794 1581 853 1655 alii
878 1609 898 1655 a
922 1584 999 1656 Diis
1032 1583 1102 1657 sibi
1125 1597 1315 1686 exoptant,

241 1685 311 1782 ipsi
339 1707 420 1754 cum
446 1677 510 1750 bis
528 1681 836 1754 communicabant
852 1681 890 1774 ὅ,
916 1709 986 1798 quo
1013 1683 1172 1756 futurum
1194 1684 1318 1757 crede·

241 1779 354 1869 bant,
389 1791 430 1850 ut
454 1775 629 1852 lubentius
657 1805 677 1852 a
707 1781 784 1854 Diis
814 1778 1082 1872 exaudirentum
1117 1780 1315 1856 sacerdotes

241 1880 338 1951 enim
359 1875 467 1950 medii
495 1875 754 1975 quodammodo
781 1875 1003 1952 habebantur
1024 1877 1186 1953 mortales
1220 1881 1315 1954 inter

243 1991 282 2049 et
305 1979 410 2068 Deos.
460 1975 588 2048 Preces
606 1989 721 2048 tamen
741 1976 942 2077 frequenter
969 1979 982 2052 i
1008 1978 1038 2051 si
1055 1975 1162 2050 etiam
1184 1975 1313 2054 heroes

243 2076 320 2149 Diis
339 2071 513 2163 fundunt,
539 2087 575 2145 et
593 2099 689 2147 sacra
708 2075 820 2147 facere
838 2076 966 2176 cuique
982 2004 1077 2150 licet.

292 2175 323 2273 §.
348 2172 386 2248 3.
439 2171 573 2270 Singuli
608 2173 646 2244 hi
679 2199 799 2246 rerum
833 2199 1010 2246 sacrarum
1037 2176 1188 2248 ministri
1215 2174 1312 2247 Deo-

241 2299 324 2348 mm
346 2271 560 2345 voluntatem
589 2269 735 2368 adsequi
767 2285 924 2370 possunt.
983 2271 1079 2346 Hinc
1106 2271 1176 2346 illis
1199 2272 1312 2347 bonos

241 2387 280 2446 et
300 2369 494 2444 reverentia
511 2367 609 2440 haud
627 2367 778 2464 vulgaris
799 2365 964 2462 babetur,
988 2371 1038 2442 ita
1057 2385 1097 2444 ut
1122 2371 1312 2446 sacerdotis

240 2467 510 2566 sui'injuriam,
546 2467 646 2566 quasi
675 2464 742 2538 sibi
774 2464 932 2559 illatam,
967 2469 1118 2566 graviter
1153 2469 1312 2544 vindicet

239 2569 339 2643 Deus
354 2567 394 2658 83
412 2566 643 2636 reverentiam
671 2589 755 2638 vero
785 2567 893 2639 etiam
921 2564 1068 2664 augebat
1093 2580 1197 2642 aetas.
1251 2569 1311 2640 Se·

240 2671 360 2742 niores
382 2663 534 2734 enimet
556 2677 667 2734 aetate
690 2665 846 2762 provecti
865 2665 938 2737 sere
955 2666 1185 2739 sacerdotess
1209 2664 1313 2766 elige-

241 2757 393 2854 bantur,
418 2759 548 2870 quibus
575 2759 709 2858 longior
736 2761 809 2835 vita
840 2761 950 2862 (quip
977 2787 996 2833 e
1031 2777 1116 2837 tunc
1141 2765 1214 2838 solo
1245 2791 1312 2838 usu

242 2888 363 2938 rerum
386 2861 531 2933 scientia
551 2857 843 2962 comparabatur)
870 2887 938 2960 pru
964 2862 1079 2933 entiae
1101 2863 1213 2938 firerat
1235 2889 1311 2938 ma-

268 2965 376 3052 istra,
419 2961 517 3056 cujus
559 2959 704 3032 monitis
742 2972 779 3031 et
815 2959 967 3034 consiliis
1016 2960 1310 3061 obsequerentur.

243 2991 371 3133 ienior
397 3057 515 3146 enim,
554 3058 612 3134 cui
644 3056 775 3154 ingenii
811 3055 1116 3158 perspicacitatem
1140 3087 1226 3134 usus
1254 3063 1312 3134 tri·

243 3158 343 3250 buit,
371 3155 638 3256 praeteritorum
669 3157 929 3256 comparatione
961 3157 1120 3230 instituta
1145 3183 1310 3259 praesen·

244 3260 335 3331 tium
353 3269 515 3330 naturam
537 3270 573 3329 et
597 3254 767 3330 rationem
785 3253 920 3333 facilius
944 3254 1123 3356 intelligit,
1157 3271 1193 3330 et
1214 3271 1309 3330 utru-

860 3395 867 3402 ·
1215 3383 1310 3430 rum·

280 3551 807 3625 1)Vit.e.g.0d.xfl1,171-186.
877 3551 907 3621 a)
926 3551 963 3606 Ut
977 3552 1016 3606 ait
1037 3551 1072 3606 G.
1086 3549 1138 3608 W.
1152 3551 1258 3607 simet
1277 3553 1307 3608 acl

244 3635 294 3691 01.
309 3635 369 3704 111,
385 3639 437 3707 459
452 3653 522 3706 seqq
540 3651 616 3704 quem
639 3633 672 3686 de
690 3633 761 3687 omni
778 3635 996 3704 bocargunento
1010 3631 1137 3688 consulas.
1224 3635 1255 3704 ὅ)
1273 3637 1310 3690 Ut

246 3717 280 3774 11.
296 3715 326 3786 i,
342 3739 385 3774 aa.
400 3730 427 3772 et
441 3719 546 3788 passim.
634 3716 666 3784 4)
683 3717 812 3777 Μαπετς
836 3718 913 3770 nodo
933 3719 1035 3786 generis
1061 3731 1154 3768 nomen
1178 3726 1233 3770 est:
1255 3716 1306 3772 rid.

245 3799 332 3868 ileyn.
350 3813 377 3853 et
397 3801 481 3871 Kttpp.
504 3799 536 3856 ad
554 3798 586 3854 lt
599 3805 627 3868 1,
645 3803 687 3855 ba.
713 3799 818 3869 XXXV,
834 3819 895 3856 aar.
920 3799 996 3866 nodo
1023 3796 1055 3850 de
1074 3797 1249 3866 peculiaribus
1264 3817 1306 3870 pp.

246 3882 362 3952 dieitur,
379 3882 430 3938 rid.
446 3882 514 3936 inira
531 3900 553 3936 c.
572 3883 612 3936 ιδ.
629 3885 654 3953 §.
672 3901 697 3936 1.
789 3881 822 3949 5)
836 3881 868 3936 Ε.
882 3877 952 3950 pli.
970 3879 997 3947 1,
1016 3899 1065 3947 ιι,
1082 3882 1143 3934 450.
1220 3879 1251 3948 6)
1269 3881 1308 3934 lta

246 3973 345 4034 pestem
362 3963 467 4018 schiris
483 3965 637 4037 depreeatur
651 3959 762 4032 Chryses
776 3961 810 4018 ll.
825 3961 857 4032 1,
874 3967 936 4020 4⁵0.
1003 3960 1032 4030 7)
1050 3944 1174 4031 Exemplo
1193 3972 1233 4014 est
1253 3961 1307 4015 Eu-

165 4081 170 4088 ·
245 4046 368 4116 :planes
390 4044 557 4118 tlt,149.
578 4045 754 4114 occupatior
780 4045 874 4119 ripn.
916 4043 959 4104 Gi·
981 4041 1118 4114 ll.1‚26.
1140 4037 1230 4114 plum
1253 4041 1310 4098 alii·

249 4127 279 4202 8)
298 4125 334 4182 Ut
351 4138 422 4200 patet
436 4147 465 4185 ea
478 4127 539 4188 n.1
548 4171 556 4200 ,
574 4145 672 4200 oseqq.
