2828 4986
291 799 1021 916 PROOEMIUM.

500 1207 810 1242 -ι--ῴ-ιι-

120 1475 218 1594 Diu
240 1527 314 1611 est,
340 1541 384 1591 ex
407 1541 477 1620 quo
495 1513 614 1616 operi,
639 1509 737 1616 quod
757 1539 823 1616 pro
856 1513 947 1594 virili
967 1527 1068 1619 parte
1094 1539 1187 1596 eom

121 1635 256 1710 fectum
283 1640 356 1740 jam
388 1633 551 1728 edimus,
574 1657 698 1706 manus
725 1637 910 1710 admovere
932 1633 971 1710 in
991 1659 1101 1746 eoque
1124 1665 1191 1742 ap·

123 1753 282 1855 parando
318 1779 423 1828 omne
456 1747 806 1855 quantulumeunque
835 1753 946 1828 otium
979 1779 1188 1830 consumere

121 1872 318 1973 coepimus.
367 1871 448 1966 Quo
467 1866 560 1946 libro
576 1867 765 1944 scribendo
784 1896 830 1944 ue
851 1885 933 1972 post
952 1872 1055 1950 noct.
1077 1873 1191 1948 Ever·
1223 1907 1246 1960 ς·

122 1987 226 2064 hardi
257 1989 390 2064 Feithii
428 1990 663 2093 Antiquitates
699 1989 907 2064 Homericae
943 2017 1020 2064 rem
1060 1991 1189 2070 laetam

121 2108 372 2210 fecissentque
395 2107 511 2182 oleum
531 2121 568 2182 et
595 2133 756 2210 operam,
780 2119 820 2181 ut
840 2111 964 2210 ajunt,
992 2107 1191 2220 perdidisse

121 2225 327 2314 videamur,
351 2225 495 2323 paucis,
519 2225 647 2317 13.1..‚
674 2224 847 2324 accipias,
868 2251 957 2324 quae
980 2227 1097 2326 operis
1113 2253 1192 2318 sus-

122 2339 284 2444 cipiendi
313 2363 457 2430 caussa,
481 2363 570 2443 quae
602 2335 807 2414 elaboraudi
826 2343 937 2434 ratio,
962 2342 1058 2446 quod
1079 2343 1195 2422 eden-4

124 2461 168 2536 di
189 2461 409 2563 propositum
428 2455 552 2530 suerit:
582 2455 710 2560 quibus
731 2458 881 2559 cognitis
903 2471 938 2531 et
961 2461 1191 2540 consiliuma

124 2605 188 2658 me
208 2593 348 2682 capium
370 2571 558 2676 probabis,
584 2588 621 2647 et
637 2574 678 2648 in
704 2577 894 2676 juventutis
911 2577 1098 2654 utilitatem
1113 2608 1196 2684 per·

128 2702 261 2775 fecum
279 2693 477 2794 intelliges,
500 2719 564 2767 nec
582 2695 657 2794 jam
676 2691 811 2769 dudum
829 2705 931 2770 antea
950 2694 1082 2775 initum
1099 2727 1196 2800 esse,

128 2819 173 2894 ni
196 2813 317 2908 fallor,
342 2811 539 2886 miraberis.
803 2822 808 2832 ’
1204 2821 1210 2838 “

181 2939 306 3040 Aque
325 2929 459 3008 seilicet
480 2943 640 3033 tempore
670 2931 866 3006 Homerum
896 2957 939 3007 ex
968 2933 1109 3012 Graecis
1135 2964 1198 3012 au·

129 3053 288 3133 uteribus
309 3050 397 3126 mihi
416 3051 519 3153 cepi,
544 3076 650 3154 quem
670 3065 864 3144 nocturna,
888 3067 929 3128 ut
949 3053 988 3127 in
1007 3055 1198 3156 proverbio

133 3189 211 3266 est,
237 3173 434 3272 dirumque
461 3193 570 3246 manu
599 3195 800 3262 versarem,
825 3185 868 3246 ut
896 3179 1000 3263 eum,
1025 3187 1198 3274 quantum

131 3294 274 3380 liceret,
317 3291 355 3362 iu
382 3313 527 3363 succum
557 3301 594 3362 et
626 3291 831 3389 sauguinem
860 3302 1056 3390 verterem:
1084 3307 1127 3368 ez
1155 3319 1198 3367 eu

129 3415 240 3512 igitur
258 3425 419 3511 tempore
438 3431 598 3500 omnem,
625 3435 732 3512 quem
757 3407 880 3500 licuit,
905 3425 1111 3512 apparatum
1130 3409 1203 3487 col·

131 3530 223 3630 legi,
248 3555 318 3631 quo
345 3527 475 3600 posue
502 3551 576 3600 uon
606 3525 713 3601 verba
741 3539 879 3602 tantum
907 3527 975 3600 rite
992 3529 1202 3629 interpreta-

132 3675 214 3738 rer,
238 3645 302 3723 sed
335 3644 660 3746 sententiantium
690 3642 915 3746 adsequerere
940 3645 1010 3747 quo
1040 3645 1203 3725 heroicae

134 3767 262 3846 aeratis
293 3790 409 3842 mores
436 3777 473 3836 et
502 3763 683 3854 instituta,
720 3787 933 3862 omnemque
965 3761 1054 3837 adeo
1080 3791 1203 3845 eorum

133 3889 325 3966 homiuum
362 3881 538 3974 vivendi,
569 3879 721 3979 egendi,
757 3879 1003 3984 cogitandique
1030 3882 1206 3962 rationem

134 4001 557 4108 punitusperspieerrm.
616 4000 659 4072 ln
699 4025 768 4100 qua
802 3998 1016 4102 supellectile
1044 3999 1208 4118 Homeri-

135 4149 180 4197 ca
206 4121 300 4196 haud
323 4120 445 4196 ultimo
477 4117 568 4202 milui
594 4117 669 4193 loco
693 4117 761 4193 fuit
781 4117 979 4194 Ererhardi
1003 4119 1134 4200 Feitlrii
1160 4119 1207 4200 'ds

908 4237 957 4292 η
1146 4267 1210 4317 Μ,
