2828 4986
238 283 302 338 mr
545 253 1060 335 PROOEMIUM.

236 454 499 532 emendandum
523 477 599 530 esse
620 449 823 528 arbitrabor.
871 449 1015 528 Etenim
1038 453 1130 530 siin
1147 425 1325 560 nugandi

235 574 515 675 ernendandique
535 573 716 674 proposito
740 572 1033 672 permansissem,
1056 575 1226 654 nonnulla
1247 581 1321 657 ita
1389 625 1390 640 1

224 695 324 768 mihi
333 691 490 792 augenda
510 704 547 764 et
562 687 785 764 emendanda
801 687 986 783 videbam,
1001 704 1042 764 ut
1061 689 1127 764 alia
1150 698 1320 774 omuino

224 815 380 902 fierent,
404 835 472 884 nec
487 809 558 884 nisi
574 807 721 881 obscura
737 822 920 882 manerent
936 806 1064 909 prioris
1083 809 1216 886 formae
1235 841 1320 890 ve-
1389 805 1390 840 ¹

233 929 348 1028 stigia.
393 927 494 1002 llaec
512 939 629 1000 autem
647 923 704 997 vel
721 925 762 998 in
782 921 988 1014 hpnam'vel
1010 925 1050 1000 in
1072 929 1200 1004 malam
1217 959 1318 1034 par-
1389 921 1390 982 3

224 1063 310 1124 ‚tem
335 1043 452 1146 (quod
471 1042 529 1118 alii
549 1041 730 1143 judicent)
751 1053 885 1116 mutata
902 1041 1032 1118 Feithii
1055 1047 1201 1121 nomine
1218 1049 1316 1126 ede-

235 1191 277 1240 re
300 1176 337 1236 et
356 1164 407 1235 rei
426 1139 550 1236 nalura
570 1157 815 1253 dissuadebat,
841 1173 879 1233 et
898 1161 1009 1263 ipsius
1022 1165 1132 1240 Doet.
1148 1163 1229 1241 Viri
1254 1171 1319 1246 fa·

235 1308 295 1356 ma
316 1277 478 1369 vetabat,
504 1291 541 1352 et
560 1303 643 1352 vero
666 1277 774 1380 (quid
795 1281 893 1354 enim
919 1277 1093 1380 diffiteor)
1117 1283 1206 1360 mihi
1229 1287 1320 1364 dis·

237 1396 405 1504 plicebat.
453 1399 510 1472 Ex
530 1396 737 1472 8161111111
753 1411 873 1472 tamen
894 1397 1026 1473 Feithii
1051 1399 1205 1508 editione
1226 1431 1318 1481 seu-

237 1519 335 1609 1111,
360 1541 448 1620 quae
467 1515 561 1589 salvo
577 1515 736 1590 instituto
755 1529 876 1588 nostm
899 1518 1032 1592 serrari
1051 1533 1235 1621 poterant:
1261 1525 1312 1601 id

238 1652 313 1728 est,
338 1663 421 1708 cum
439 1635 554 1736 operis
567 1633 606 1706 in
625 1632 755 1725 libros,
775 1635 889 1735 capita
910 1645 947 1708 et
957 1641 1225 1742 paragraphos¹
1249 1643 1317 1720 di-

237 1756 428 1844 visionem
461 1765 540 1825 tum
564 1751 786 1846 testimonia,
818 1777 909 1852 quae
939 1779 983 1827 ex
1007 1757 1153 1834 Homeri
1177 1765 1312 1837 earmi-

237 1873 348 1950 nibus
367 1869 477 1972 petits
492 1881 616 1944 erant:
643 1869 801 1968 partim,
828 1869 924 1972 quod
956 1871 1212 1976 discipulorum
1236 1883 1313 1956 uti-

237 1993 331 2068 litati
351 2004 389 2064 et
405 1985 648 2064 commoditati
666 1987 776 2086 magis
793 1987 1058 2064 inserviendum
1076 2009 1171 2084 erat,
1197 2025 1312 2100 quam

229 2107 440 2209 'scriptionis
468 2105 656 2201 elegantiae
682 2117 719 2177 et
745 2105 929 2193 suavitati;
958 2109 1110 2206 partim,
1136 2139 1183 2186 ne
1210 2120 1313 2192 testi.

236 2231 356 2304 monia
388 2225 574 2300 Homerica
609 2219 713 2293 allata
743 2217 958 2318 negligentes
990 2221 1065 2300 aliis
1097 2235 1312 2330 quaerendis

243 2371 388 2450 operam
415 2341 656 2444 perderemus.
705 2337 781 2412 Nee
802 2349 923 2410 tamen
947 2338 1047 2414 aliter
1069 2345 1145 2421 lieri
1169 2355 1310 2450 potuit,

239 2467 328 2568 quin
351 2473 388 2535 et
414 2459 453 2532 in
477 2455 546 2530 illis
564 2451 737 2558 quaedam
762 2467 947 2529 mutarem.
999 2459 1076 2537 Alia
1093 2465 1227 2542 scilicet
1246 2499 1311 2546 ca.

240 2584 317 2687 pita
343 2593 380 2653 et
409 2573 642 2678 paragr-aphes
672 2577 830 2672 sejuncta
852 2576 1057 2674 iungenda,
1089 2583 1157 2660 alia
1186 2593 1308 2688 juncta

242 2695 436 2800 separanda
466 2717 540 2766 esse
561 2688 671 2769 duxit
703 2689 769 2764 alia
796 2691 917 2784 omisi,
950 2721 1042 2770 nora
1073 2701 1141 2776 alia
1163 2705 1308 2805 addidi,

242 2843 332 2922 quae
353 2835 534 2890 recensere
555 2810 857 2911 operaepretium
876 2836 951 2886 non
973 2829 1049 2889 est:
1070 2835 1190 2895 utrum
1210 2843 1308 2902 reete

242 2939 413 3026 fecerim,
436 2929 581 3008 rideant
603 2927 706 3028 aequi
730 2927 837 3028 hujus
860 2931 914 3004 rei
939 2931 1087 3032 judices.
1134 2941 1240 3033 Quod
1263 2947 1310 3021 ad

243 3053 464 3141 testimonia,
498 3071 586 3150 quae
608 3045 785 3139 diximus,
821 3047 967 3140 attinet,
1006 3079 1026 3127 a
1051 3055 1191 3134 Feirhio
1216 3061 1308 3140 datis

245 3176 332 3263 alia,
356 3194 488 3270 eaque,
512 3178 683 3268 quantum
700 3163 819 3255 licuit,
844 3191 887 3239 ex
908 3181 1058 3274 utroque
1078 3175 1205 3252 Poetae
1229 3210 1308 3260 car.

243 3295 341 3369 mine
360 3287 506 3377 addidi,
531 3309 602 3388 quo
628 3283 793 3383 discipuli
821 3297 857 3358 et
881 3285 1030 3365 iliadem
1056 3305 1093 3366 et
1114 3295 1308 3395 Odysseam

244 3411 291 3487 ab
314 3436 388 3484 uno
406 3404 600 3506 eodemque
621 3415 763 3475 auctore
789 3403 984 3504 profectam
1011 3435 1086 3486 esse
1111 3415 1247 3516 plenius
1272 3435 1308 3498 et

247 3527 360 3606 oeulis
379 3527 449 3627 ipsi
470 3523 543 3598 suis
565 3521 816 3626 perspicerent.
873 3523 920 3597 Iu
945 3527 990 3600 iis
1012 3542 1131 3606 autem
1152 3533 1236 3612 locis
1257 3541 1308 3614 ei-

1236 3669 1308 3732 tan·

288 3863 322 3940 1)
342 3863 427 3936 Quae
447 3883 466 3923 1
488 3859 617 3920 Stobero
635 3856 792 3938 profectae
802 3860 835 3920 in
852 3861 953 3940 prima
965 3861 1081 3928 Foitlrii
1098 3869 1234 3938 editione
1248 3899 1306 3940 uon

250 3970 456 4036 inueniuntur.
494 3964 567 4028 t'io.
588 3959 708 4024 51111111.
722 3960 762 4022 ad
783 3983 807 4022 s.
826 3961 899 4024 edit.
918 3965 1017 4046 praef.
