2862 4986
389 253 865 382 a'ousarce'
1070 255 1152 410 309³

137 511 278 574 etanta
309 498 405 591 fuit,
428 503 535 590 utils
555 559 565 594 ,
600 530 688 602 quae
714 501 852 578 Achille
879 515 916 574 et
938 501 1135 582 Philoctete

49 527 219 674 diiambus
234 597 376 695 Troiam
390 597 624 702 appulerunt,
645 601 891 701 quinquaginta
910 617 946 692 ²,
971 613 1006 673 et
1024 605 1135 678 Boeo-

58 699 126 774 tiis
139 695 303 795 singulis,
329 699 389 796 qui
402 726 568 772 numerus
584 726 665 772 sane
688 727 832 796 magnus
851 714 922 786 est,
948 715 1091 772 eentum
1103 716 1156 799 et⁵

60 797 198 896 viginti
226 795 291 867 viri
314 798 406 870 vecti
440 794 638 870 dicerentur
654 816 682 868 ².
730 799 841 870 Nares
859 809 974 868 autem
993 799 1030 872 in
1050 826 1140 874 mer·

63 907 214 970 caturae
247 891 471 967 commodum
499 895 737 995 usurpabant,
775 896 857 969 iisse
889 897 978 970 vecti
1014 899 1136 997 pirati-

66 1019 153 1065 cam
181 989 420 1064 exercebant!
446 994 483 1064 in
521 1021 638 1093 pugna
670 1018 752 1064 vero
780 992 914 1086 navali,
940 1019 1026 1091 quae
1058 1022 1138 1094 pro·

67 1090 152 1193 prio
175 1089 318 1162 nomine
340 1087 491 1178 dicitur,
525 1117 643 1164 earum
673 1089 791 1163 nullus
816 1119 897 1164 usus
918 1093 1002 1188 fuit,
1026 1121 1138 1190 quan-

69 1203 153 1264 tum
184 1185 328 1288 quidem
356 1213 399 1260 ex
425 1191 579 1262 Homero
612 1217 631 1261 a
659 1203 772 1288 paret,
807 1191 866 1290 qni
901 1191 938 1262 in
965 1191 1139 1290 frequenti

72 1286 220 1360 navium
237 1285 416 1358 mentione
440 1285 558 1377 hunc,
581 1287 610 1359 si
633 1215 777 1378 fuisset,
801 1289 956 1388 profecto
981 1317 1054 1361 non
1078 1287 1158 1364 ne·¹

79 1383 251 1485 glexisset.

128 1483 159 1580 ξ.
184 1507 219 1553 2.
269 1479 323 1555 De
353 1484 494 1554 navium
521 1483 632 1556 forma
659 1483 689 1556 si
727 1485 885 1596 quaeris:
924 1499 1005 1560 sunt
1037 1488 1141 1588 quia

81 1581 207 1654 ceteris
229 1581 403 1652 onerarias
435 1581 480 1651 ita
506 1581 655 1654 diversas
682 1581 785 1654 fuisse
814 1597 982 1673 statuant,
1007 1597 1046 1657 ut
1067 1583 1143 1658 illas

82 1679 278 1776 longiores,
305 1675 370 1749 bas
393 1692 514 1750 contra
534 1675 669 1750 latiores
692 1694 824 1776 ponant
841 1681 870 1752 ⁵.
920 1685 1046 1758 Carina
1067 1683 1152 1756 ΗΟ..

83 1801 183 1850 mero
207 1788 262 1848 est
288 1784 381 1868 τμςτις
397 1775 437 1861 ⁴,
463 1801 573 1874 quae,
598 1801 668 1875 quo
691 1775 823 1848 facilius
849 1776 959 1850 undas
988 1778 1146 1854 dimove·

84 1887 139 1948 ret
160 1897 350 1974 earumque
374 1873 545 1972 impetum
576 1874 784 1960 sustineret,
810 1891 909 1948 acuta
930 1877 996 1948 fuit
1019 1891 1057 1950 et
1073 1891 1148 1951 στεί-

85 2007 123 2073 ρῃ
138 1971 166 2044 ⁵.
216 1971 248 2043 E
267 1970 383 2042 carina
401 1985 591 2066 exsurgunt
605 1972 800 2071 frequentia
826 1977 1034 2062 statumina,
1077 2006 1149 2050 στα·

87 2071 218 2168 maed,
253 2093 363 2170 quae,
402 2083 443 2140 ut
478 2069 621 2140 immota
652 2069 818 2158 adstent,
856 2071 1069 2156 trabibus7,
1102 2074 1148 2148 ab

88 2167 195 2243 altero
216 2167 315 2240 navis
335 2163 442 2238 latere
463 2166 501 2236 in
521 2165 669 2237 alterum
693 2193 844 2268 superne
859 2169 1149 2268 pertinentibus,

91 2265 289 2366 affiguntur.
338 2265 391 2336 lta
420 2275 538 2360 τρόπις,
580 2277 712 2358 arentin
739 2279 774 2350 et
796 2274 873 2360 ’ἴκρια
907 2293 1025 2339 cavam
1049 2272 1164 2344 naris·

93 2377 229 2466 partem
257 2387 319 2434 seu
346 2375 502 2448 ventrem
535 2359 744 2435 efficiebant.
801 2365 1053 2438 Statuminibus
1090 2395 1153 2440 au·

92 2479 189 2552 tem,
224 2483 312 2562 quae
339 2456 513 2552 diximus,
538 2461 781 2534 exstrinsecus*
801 2459 974 2535 clavorum
1000 2489 1067 2564 ope
1093 2465 1154 2538 ad·

92 2557 320 2635 nectebantur
353 2557 509 2645 tabulae,
538 2563 710 2656 ἐτηγκεαίδες
728 2561 765 2642 8,
804 2586 892 2659 quae
924 2565 1077 2662 apuppi
1106 2562 1152 2636 ad

93 2683 231 2762 pmram
293 2669 449 2752 argentes
487 2655 583 2728 navis
613 2657 718 2730 latera
751 2658 893 2734 faciunt.
941 2661 995 2734 De
1028 2661 1152 2762 Ulysse

94 2754 215 2832 narem
233 2681 302 2828 sili
327 2750 515 2828 fabricante
538 2753 625 2826 haec
647 2755 847 2828 Homerus:

1060 2864 1160 2958 Ἰκρια

135 3052 163 3120 ι)
181 3049 242 3109 vid,
265 3051 437 3122 Il·11,7¹9·
461 3045 507 3104 cll.
530 3045 642 3117 rs·577.
666 3047 743 3118 XVI,
762 3051 818 3106 rte.
922 3050 952 3119 a)
970 3050 1033 3111 Vid.
1060 3053 1092 3110 ss.
1111 3051 1157 3131 ΙΙ,

101 3135 150 3203 ⁵09
166 3151 236 3204 seqq.
323 3134 353 3203 5)
371 3133 409 3188 Ex
432 3129 481 3186 Od'.
497 3128 538 3197 V,
555 3131 604 3196 249
619 3147 689 3200 seqq.
717 3142 744 3184 et
765 3129 898 3199 1.t‚323.
932 3131 1059 3190 Oneraria
1081 3141 1154 3194 naris

104 3217 325 3284 φὸρτιςτοτιῑατ.
418 3209 592 3280 t)vit.0d.
614 3209 888 3278 v,130.v11,252.
917 3213 981 3286 ibiq.
999 3217 1085 3276 Sahal.
1118 3223 1156 3276 Et

102 3315 133 3351 nc
152 3297 219 3366 iusta
235 3295 348 3366 pondere
361 3295 433 3350 navis
444 3304 560 3359 careret,
578 3293 605 3346 in
621 3292 737 3344 carinam
756 3293 861 3361 πολλὴν
884 3297 953 3364 ὕλην
971 3301 1160 3374 congerebant,

103 3379 168 3454 qnod
183 3377 407 3434 nostratesdicnnt
422 3377 575 3435 ballasten·
598 3374 727 3431 Via-ot.
741 3374 796 3442 IV,
814 3377 873 3430 2⁵7.
960 3379 990 3448 5)
1009 3380 1070 3438 Vid.
1089 3383 1120 3440 ll.
1132 3385 1162 3454 l,

103 3466 163 3516 432·
181 3460 216 3518 tl.
262 3521 269 3532 ,
298 3459 329 3530 6)
347 3459 386 3514 Ad
403 3459 452 3514 (ld.
468 3458 504 3526 V,
521 3459 579 3512 252·
597 3455 703 3524 sobab,
721 3459 894 3526 σταμίνεσσι,
910 3458 1010 3530 inquit,
1029 3471 1088 3523 ταῖς
1104 3467 1165 3516 ἰαττ-

106 3546 200 3610 μήττστ
219 3541 325 3610 ξύλοις,
342 3542 361 3592 d
381 3541 576 3610 παρατίθεται
596 3546 654 3594 ταῖς
680 3541 776 3610 helvas
800 3541 826 3596 ἒξ
847 3540 982 3610 ἑκατέρων
1000 3546 1054 3595 τῶν
1072 3547 1162 3616 aaa&

107 3627 172 3694 πρὸς
188 3627 220 3674 τὸ
238 3623 365 3676 ἱστάναι·
383 3624 401 3690 ἢ
419 3627 478 3680 τοϊς
498 3621 595 3690 debete
609 3619 715 3687 ξύλοις,
734 3613 773 3678 οἷς
796 3624 830 3670 τὰ
845 3623 968 3689 πηδάλια
984 3627 1162 3692 tunquam.

108 3705 135 3771 7)
153 3703 223 3769 Quas
238 3707 276 3775 τῷ
291 3706 368 3776 ἴτρια
380 3703 430 3759 (ld.
445 3701 465 3760 l.
482 3700 501 3754 l·
519 3701 676 3771 significasse
692 3699 791 3755 ridetur
802 3700 891 3759 Po'c'ta.
925 3705 992 3758 sliu
1011 3707 1079 3758 enim
1097 3707 1163 3764 locis

109 3787 185 3854 taqua
195 3799 255 3840 sunt
272 3784 402 3840 tabulata:
419 3785 548 3836 ἐνταῦθα
563 3781 613 3851 δὲ,
631 3781 717 3850 inquit
728 3778 869 3852 bastela,
886 3786 963 3855 ἴκρια
978 3789 1059 3838 δοκεῖ
1071 3791 1106 3838 τὰ
1119 3793 1166 3856 ty.

113 3867 202 3920 sotlec
217 3867 323 3934 Mysos·
342 3879 369 3920 et
386 3864 418 3919 ad
437 3865 484 3920 Od.
504 3863 534 3920 L.
549 3862 568 3918 l·
585 3882 621 3920 ττ.
638 3864 698 3920 163.
722 3863 809 3920 Sebol.
827 3867 903 3934 ἴκρια
916 3867 1027 3936 explicat
1041 3871 1076 3918 τὰ
1090 3871 1166 3940 ὀρθὰ

111 3950 196 4018 ξύλα,
212 3951 254 4011 10·
270 3933 306 4000 oin
319 3951 355 3998 art
369 3953 417 4015 τῆς
430 3949 496 4006 ταὼς
519 3947 740 4016 καταστρώματα
762 3950 915 4017 πήγνυται,
933 3953 968 4000 τὰ
984 3951 1106 4015 spateae
1120 3953 1167 4006 tr.

109 4031 212 4096 qiam
229 4034 295 4100 παρ’
320 4031 396 4096 ἡμῖν.
498 4027 528 4094 8)
547 4026 620 4092 Quae
644 4041 750 4085 anctore
772 4027 893 4092 Eustatla·
915 4044 977 4084 aunt
1002 4034 1114 4092 σανίδια
1137 4035 1168 4086 ta

111 4111 219 4182 αρῶρας
234 4113 277 4174 τὶς
291 4111 419 4186 πρύμναν
436 4107 588 4177 ceraulae·
606 4112 656 4164 ant
667 4111 893 4180 tnerqrcyplm.
926 4111 966 4170 Cf.
982 4113 1085 4173 Pauor.
1102 4117 1129 4170 in
1144 4131 1167 4174 τ.

801 4189 860 4248 Ἠ
