2828 4986
408 285 908 368 PROOEMIUM.
1116 320 1181 386 rur
1311 282 1318 298 ⁸

114 490 292 568 duximus.
340 483 408 563 His
433 501 549 566 autam
575 488 622 562 ita
646 489 860 578 adsumus,
885 503 923 570 ut
948 491 1067 591 Primi
1091 521 1175 598 qua.

115 625 220 696 tenus
240 631 322 686 eum
345 605 501 681 Homero
527 619 781 706 congruerent,
813 607 1000 706 diligenter
1021 613 1178 713 explora.

114 753 260 819 remus,
285 749 352 800 nee
379 724 660 826 gratissimorum
691 722 798 794 etiam
824 729 1032 826 scriptorum
1060 745 1179 806 aucto·

114 847 221 931 ritate
245 846 334 920 moti
354 844 547 948 quidquam
567 865 802 942 poneremus,
834 843 904 918 nisi
925 845 1056 920 Poene
1079 847 1177 924 testi·

114 963 246 1040 moniis
271 963 447 1044 innixum.
504 958 610 1053 Quod
634 960 674 1034 in
694 957 875 1060 pluribus,
899 985 967 1038 neo
993 974 1112 1038 temen
1137 967 1178 1042 in

116 1082 300 1172 omnihus,
322 1082 433 1156 faeere
461 1077 654 1180 ponimus.
703 1078 793 1154 Sunt
820 1081 915 1152 enim
939 1079 979 1155 in
1000 1081 1179 1177 Homero,

113 1223 266 1304 quorum
290 1196 464 1286 sententia
497 1195 643 1272 omnino
672 1219 747 1270 nos·
770 1195 878 1270 lutet:
901 1198 939 1272 in
967 1196 1095 1299 quibus
1124 1201 1177 1284 in·

111 1317 253 1392 scitiam
287 1318 438 1414 ingenue
473 1312 620 1418 professi
655 1319 786 1412 ἐπέχω,
819 1339 925 1416 quam
965 1320 1179 1422 conjecturis

110 1431 335 1536 indulgendo
369 1457 461 1514 rona
484 1430 623 1510 undere
661 1429 860 1510 maluimus.
929 1434 1022 1510 Sunt
1053 1435 1178 1528 etiam,

110 1555 153 1640 in
180 1550 309 1656 quihus
337 1549 394 1628 rel
421 1575 461 1627 re
480 1575 564 1628 rara
587 1547 658 1626 sibi
678 1566 852 1653 repugnat
875 1554 1008 1643 Potito,
1040 1551 1097 1632 vel
1121 1578 1180 1628 re-

106 1695 267 1784 puprare
288 1667 391 1746 nobis
423 1665 545 1744 saitem
573 1667 731 1746 rideturs
757 1667 845 1772 quae
877 1669 1104 1771 simpliciter,
1138 1683 1178 1750 ut

108 1802 238 1881 erant,
262 1788 308 1868 ita
339 1785 531 1880 mdenda,
563 1811 632 1866 nee
661 1783 709 1870 ad
737 1786 887 1866 lubitum
906 1785 1178 1887 eontorquendr

109 1904 216 1982 nobis
237 1931 311 1982 esse
334 1905 516 1998 duximus,
539 1927 585 1982 ne
603 1903 715 1980 divini
736 1906 863 1980 Poene
884 1906 1040 1982 earmina
1064 1908 1104 1980 in
1124 1931 1179 2008 sy·

108 2025 271 2100 sternatis
298 2049 461 2099 normam
485 2035 524 2128 et
548 2025 725 2124 angustias
746 2023 1007 2126 redigeremus,
1031 2050 1119 2126 quas
1142 2038 1179 2099 et

108 2146 174 2218 dno
192 2151 323 2243 tppntrte
343 2145 430 2226 ἀοιδός
448 2151 487 2213 et
511 2150 582 2213 tota
603 2139 819 2242 antiquitatis
838 2155 964 2218 natura
990 2141 1110 2218 horret
1137 2169 1179 2218 ae

107 2261 261 2364 respuit.
309 2257 478 2334 ceterum
505 2259 544 2332 iu
572 2255 715 2332 criticas
740 2255 787 2332 de
812 2255 958 2334 Homeri
983 2257 1092 2352 loeis,
1116 2263 1179 2362 qui

112 2378 226 2482 spurii
243 2373 423 2453 habentor
443 2385 480 2450 et
498 2371 717 2476 interpolati,
744 2373 1006 2476 disquisitiones
1023 2401 1096 2452 non
1117 2377 1178 2465 de·

107 2491 481 2597 scendiinus,quippe
497 2517 585 2595 quae
606 2504 684 2566 uta
706 2505 828 2568 nostro
849 2497 1005 2576 instituto
1023 2495 1177 2587 alienae,

104 2617 157 2700 ita
175 2614 305 2690 virium
326 2635 487 2719 meorum
508 2609 676 2684 tenuitate
695 2617 844 2714 majores
865 2627 969 2705 sunt,
990 2626 1026 2686 et
1048 2611 1093 2688 ad
1119 2613 1179 2688 he·

105 2731 195 2809 roiei
220 2728 298 2807 aeri
320 2729 554 2836 coguitionem
589 2751 717 2829 parum
753 2742 815 2804 aut
840 2730 931 2806 nihil
957 2731 1027 2806 sere
1048 2730 1176 2810 utilita-

111 2851 158 2936 tis
179 2849 343 2926 efferunt.
390 2848 491 2942 Quae
514 2846 662 2922 Homeri
688 2845 834 2922 nomine
853 2849 1039 2941 teruntur,
1064 2847 1175 2924 inter·

108 2967 273 3074 pretibus
295 2969 335 3044 in
363 2959 551 3044 consilium
582 2963 752 3044 adhibitis
784 2979 944 3044 accurate
977 2966 1176 3069 explorata,

105 3101 279 3192 quatenus
302 3084 350 3160 ad
362 3084 619 3188 Antiquitatem
638 3083 862 3168 Homericam
884 3087 1061 3190 pertinere
1079 3085 1178 3162 vido·

104 3205 253 3294 bantur,
278 3218 397 3278 nostro
427 3227 525 3278 more
549 3203 792 3305 exposuimus,
817 3204 967 3284 aliorum
992 3207 1174 3292 sententiis

105 3320 299 3398 refutandis
320 3319 417 3404 haud
443 3319 640 3410 immorati,
663 3344 711 3392 ne
731 3319 876 3399 inanem
899 3326 1015 3428 potius
1041 3324 1174 3400 doetri-

106 3467 173 3522 nae
196 3439 470 3515 ostentationem
494 3439 615 3542 sequi,
639 3463 746 3541 quam
772 3443 945 3542 juvenum
968 3441 1095 3520 studiis
1120 3443 1174 3538 inf

105 3561 237 3636 servire
253 3559 466 3664 videremur.
493 3650 498 3660 .
596 3650 600 3660 υ
793 3647 796 3654 ¹
851 3561 857 3576 ’
1005 3639 1012 3662 Ι

149 3675 268 3768 Aliam
287 3675 394 3777 igitur
414 3674 460 3749 ad
470 3677 696 3752 Homericam
709 3677 953 3779 antiquitatem
964 3674 1176 3752 tradendam

105 3797 276 3875 rationem
298 3795 378 3870 iniit
399 3791 580 3888 Feithios,
606 3795 708 3872 aliam
733 3797 824 3870 mihi
846 3797 885 3870 in
910 3795 1036 3870 iisdem
1060 3795 1176 3898 expli·

103 3917 225 4004 tendis
247 3909 443 4018 ineundam
463 3939 536 3988 esse
560 3916 655 3992 duxi.
709 3918 884 4011 Quocirca
906 3915 985 3989 Viri
1005 3915 1107 3990 Doct.
1131 3914 1177 3990 li·

102 4035 207 4110 hrum
238 4057 282 4108 ex
315 4057 394 4108 meo
429 4032 573 4112 oonsilio
607 4035 864 4110 immutandum
902 4035 1034 4135 magis,
1070 4057 1178 4134 quam

1061 4177 1180 4225 emen·
