2828 4986
276 353 326 416 m
567 326 1061 418 PROOEMIUH

159 517 179 606 κ’
280 551 455 614 murram.
504 533 576 609 sed
597 561 664 609 nec
692 529 870 624 Feitbius,
894 543 936 606 ut
957 523 1139 636 suspicor,
1160 527 1252 614 illud
1272 559 1340 614 voa

280 657 365 749 luit,
389 677 506 756 neque
530 677 594 752 ego
616 663 712 728 certe
739 651 902 751 cogitari.
956 651 994 726 Si
1017 674 1109 761 quae
1134 653 1226 752 alia,
1250 657 1341 734 baec

279 773 437 878 profecto
456 773 600 848 scientia
618 784 714 845 certa
733 783 769 842 et
786 781 968 860 accurate,
989 767 1120 866 idest,
1142 775 1340 852 efoutibus

278 879 369 995 ipsis
384 907 478 967 recte
497 893 601 966 ducta
617 915 692 962 esse
710 885 829 965 debet.
875 887 1130 988 Antiquitatem
1149 917 1247 966 mere
1264 893 1340 968 Ho-

277 1013 448 1086 mericam
469 1031 646 1109 exponere
667 1007 736 1080 sert
760 1006 916 1099 animus,
940 1005 980 1082 id
1002 1019 1073 1099 est,
1102 1031 1183 1083 eam
1201 1009 1337 1086 beroici

279 1131 355 1204 aeri
384 1129 573 1227 imaginem
595 1121 788 1216 delineare,
821 1148 890 1228 qua
914 1121 1011 1200 illius
1029 1122 1152 1199 aetatis
1173 1129 1338 1208 instituta

276 1271 360 1321 cum
378 1271 476 1320 sacra
498 1255 576 1319 tum
599 1241 713 1326 civilia
740 1241 1004 1335 describantur,
1027 1255 1064 1316 et
1084 1243 1233 1319 heroum
1259 1270 1341 1322 mo-

217 1401 222 1416 ·
272 1359 349 1454 res,
373 1364 464 1442 vine
486 1362 594 1456 ratio,
619 1374 712 1435 artes
729 1373 765 1436 et
784 1373 901 1437 cetera
921 1359 1177 1439 adumbrentur
1193 1365 1334 1458 omnia,

273 1507 364 1581 quae
384 1505 429 1556 ex
451 1481 529 1584 ipso
548 1492 585 1554 et
607 1506 679 1554 uno
702 1479 876 1571 Homero,
900 1477 996 1556 velut
1016 1505 1060 1554 ex
1083 1479 1331 1582 limpidissimo

272 1599 389 1692 sonte,
414 1599 556 1686 bansta,
580 1596 625 1672 ad
642 1623 766 1673 eorum
782 1609 982 1698 temporum
1004 1599 1256 1700 hominumque
1275 1617 1336 1674 co·

275 1717 469 1817 guitionem
487 1715 650 1794 valeantz
674 1744 744 1820 qua
760 1715 904 1820 quidem
923 1717 1123 1815 cognitione
1145 1713 1236 1792 nibil
1252 1741 1337 1794 cum

276 1833 323 1911 c'd
341 1835 527 1910 utilitatem
544 1837 773 1936 praestantius
792 1847 872 1908 tum
892 1831 939 1909 ad
959 1833 1172 1937 voluptatem
1198 1838 1338 1913 suarius

274 1977 349 2024 esse
367 1966 501 2054 potest.
546 1957 643 2048 Quae
661 1981 745 2028 cum
760 1951 862 2044 dico,
884 1977 959 2026 non
978 1975 1097 2026 omnes
1115 1951 1199 2026 alios
1218 1969 1338 2031 aucto·

273 2083 331 2146 res
355 2069 530 2170 neglectos
557 2069 657 2150 volo:
692 2069 756 2146 sed
781 2073 821 2146 iu
843 2071 1031 2146 Homerica
1059 2071 1263 2176 antiquitate
1292 2075 1338 2149 iis

271 2213 345 2266 uon
365 2189 432 2263 nisi
459 2213 537 2264 raro
561 2187 755 2279 utendum,
788 2203 825 2261 et
849 2181 927 2262 illos
946 2202 1086 2262 tantum
1107 2213 1151 2263 ex
1174 2189 1217 2262 iis
1237 2189 1336 2266 locos

272 2303 495 2407 usurpandos
519 2331 596 2380 esse
622 2303 821 2396 contendo,
854 2305 982 2408 quibus
1003 2305 1048 2379 de
1076 2305 1226 2380 heroicis
1246 2321 1336 2383 tem·

271 2423 419 2528 poribus
439 2425 571 2529 aliquid
594 2421 784 2498 memoriae
805 2419 1059 2524 prodiderunt,
1084 2437 1124 2496 ut
1145 2448 1190 2497 ex
1211 2450 1337 2502 eorum

151 2541 158 2559 '
273 2544 499 2637 auctoritate,
523 2569 612 2646 quae
641 2539 789 2616 Homeri
810 2539 1019 2613 testimoniis
1045 2539 1166 2616 innixa
1190 2545 1256 2635 sit,
1281 2540 1339 2618 in·

270 2661 530 2761 terpretationis
558 2667 695 2736 nostrae
719 2655 933 2760 praesidium
961 2669 1039 2732 tuto
1066 2676 1186 2762 petere
1216 2657 1335 2740 liceat.

269 2779 314 2852 ln
345 2801 470 2852 eorum
498 2801 647 2852 nurnero
669 2775 849 2880 principes
874 2789 959 2849 suut
983 2791 1144 2854 auctores
1170 2793 1208 2851 et
1240 2783 1337 2857 snti-

272 2895 413 2998 quiores
435 2909 473 2970 et
498 2897 726 2992 recentiores,
750 2895 813 2997 qui
836 2891 977 2993 scriptis
1005 2895 1078 2970 suis
1104 2893 1234 2973 Poene
1253 2925 1333 2976 car·

272 3015 372 3092 mina
399 3013 639 3092 illustrarunt:
676 3027 754 3089 tum
788 3009 1001 3086 celebriores
1036 3013 1266 3090 Grammatici
1296 3033 1335 3094 et

274 3135 429 3236 optimae
465 3147 570 3207 notae
599 3129 876 3235 Lerioograpbi:
909 3155 1032 3205 omues
1064 3128 1239 3235 denique,
1271 3139 1335 3242 qui

272 3249 331 3324 rel
364 3251 444 3326 data
468 3271 574 3353 opere
600 3249 809 3326 Homericae
839 3245 1053 3350 antiquitatis
1081 3253 1196 3353 capita
1225 3279 1335 3360 quae·

273 3367 357 3442 dam
378 3369 639 3471 explicuerunt,
662 3369 718 3446 vel
739 3369 777 3442 in
796 3365 1013 3442 Graecorum
1033 3369 1191 3447 moribus
1217 3385 1254 3448 et
1279 3375 1335 3448 iu·

274 3487 426 3579 stitutis,
451 3513 533 3562 cum
554 3483 705 3589 publicis
725 3503 804 3560 tum
824 3487 985 3588 privatis,
1009 3487 1170 3563 universe
1193 3491 1335 3566 traden.

274 3605 351 3694 dis,
371 3605 509 3680 heroica
529 3608 614 3682 item
634 3621 792 3710 tempora
811 3607 1019 3706 attigerunt,
1043 3607 1099 3682 rel
1114 3609 1259 3702 artium,
1282 3609 1337 3685 le·

274 3736 414 3822 gomet
436 3727 661 3800 scientiarum
683 3723 854 3826 originem
878 3739 915 3798 et
933 3751 1134 3828 progressus
1158 3726 1336 3804 tradentes

275 3839 462 3930 Homerica
487 3839 705 3944 capitulatim
732 3845 906 3946 persecuti
934 3857 1029 3919 sunt.
1087 3847 1187 3937 Quos
1212 3873 1336 3922 omnes

273 3957 334 4034 hic
350 3983 549 4052 recensere,
571 3961 776 4063 pruesertim
792 3987 875 4038 cum
894 3960 930 4034 in
951 3963 1029 4060 ipso
1050 3959 1117 4036 boc
1136 3987 1241 4066 opere
1259 3967 1334 4040 suis

275 4075 429 4180 singulos
447 4079 536 4186 locis
564 4079 808 4172 citaverimus,
832 4075 996 4181 putidum
1021 4093 1058 4155 et
1076 4081 1238 4186 ineptum
1261 4085 1335 4159 sore

1272 4201 1338 4275 du·
