2862 4986
402 295 834 381 nouantur.
1078 305 1150 384 313

84 499 199 575 etiam
219 510 381 596 πρυμνήσια
408 497 599 589 dicuntur,
632 501 774 576 narium
795 499 833 572 in
857 497 957 575 litore
979 499 1153 594 retinacu-

86 597 127 674 la
144 612 172 674 ².
222 599 288 674 cui
308 601 517 695 sententiae,
540 598 698 700 quamvis
722 599 822 672 multi
849 599 887 672 in
914 599 1068 672 Homero
1096 601 1155 673 lo-

88 699 128 772 ci
149 696 307 788 faveant,
331 723 422 768 unus
447 695 560 770 obstat
585 694 763 797 Odysseae
781 722 917 788 versus,
940 725 1009 798 quo
1024 695 1178 787 diversi„

91 791 186 897 quid
212 809 363 892 utraque
382 819 464 868 voce
487 796 674 894 significari
697 795 834 870 videtur
849 815 879 870 ².

124 891 178 990 .§.
203 895 240 987 4.
291 893 346 968 De
367 893 509 966 narium
529 892 687 994 partibus
707 893 793 966 haec
813 893 1009 968 sufficiant:
1036 891 1081 967 ad
1102 918 1179 981 re·¹

95 989 196 1090 liqna
216 1015 410 1091 pergamus.
462 993 532 1064 Per
548 1016 644 1064 mare
660 992 729 1064 iter
746 991 1008 1081 ructationes,
1031 993 1162 1068 retina·

100 1087 193 1164 culis
211 1087 352 1179 solutis,
373 1087 613 1180 deducebant,
632 1088 763 1162 malum
780 1089 959 1188 erigebant
974 1091 1075 1192 eique
1087 1087 1163 1164 vela

99 1185 317 1286 adaptabant
353 1197 389 1260 et
412 1187 530 1260 funes:
564 1186 609 1260 de
641 1185 769 1284 quibus
801 1189 890 1263 infra
907 1188 936 1264 ⁵.
987 1189 1058 1264 Sed
1080 1189 1166 1261 infi-

104 1285 154 1359 do
190 1286 278 1358 mari
309 1281 578 1387 haudquaquam
617 1311 692 1358 sese
729 1287 943 1362 commisisse
977 1285 1165 1376 ridentur,

104 1383 311 1486 priusquam
335 1383 410 1457 Diis
435 1383 581 1458 libatum
614 1395 705 1456 osset
737 1385 848 1486 iisque
881 1387 939 1486 pia
972 1399 1051 1458 rota
1071 1384 1181 1459 fecis·¹

107 1496 209 1570 sent,
235 1494 275 1554 ut
294 1482 545 1556 immortalium
577 1481 683 1554 tutela
699 1480 780 1556 freti
803 1492 905 1580 ῖκμένρ
926 1487 1001 1583 οἷον
1028 1497 1169 1558 uteren.

109 1579 202 1654 tur4
227 1593 263 1654 et
283 1578 388 1670 salvi,
409 1606 478 1695 quo
501 1579 706 1670 tenderent,
739 1581 956 1660 ,erreuirent
1005 1578 1109 1675 Quod
1126 1607 1169 1654 eo

110 1677 221 1778 magis
243 1705 264 1750 a
285 1677 451 1776 religiosis
477 1675 582 1775 hujus
615 1678 692 1752 aevi
722 1606 926 1751 liominibus
958 1679 1088 1754 factum
1117 1707 1173 1754 ar·

111 1776 305 1864 lritramur‚
330 1773 427 1876 quod
449 1775 613 1848 omnibus
631 1774 703 1846 sere
721 1772 854 1846 artibus
880 1775 1062 1868 carebant,
1086 1802 1173 1876 quae

115 1875 300 1950 audaciam
338 1871 539 1946 mortalium
573 1871 698 1944 animis
731 1870 860 1945 addere
893 1874 1016 1947 solent
1077 1875 1172 1970 Quas

116 1999 201 2050 eum
227 1969 444 2072 ignorarent,
504 1969 685 2071 lorumque
718 1967 818 2044 litora
842 1983 977 2046 tautum
1011 1971 1173 2073 legebant

115 2087 179 2163 et,
204 2084 373 2171 quantum
407 1997 554 2159 liesdat,
579 2068 732 2141 interdiu
758 2067 833 2142 vela
864 2069 1046 2146 faciebant.
1095 2071 1173 2148 Nee

118 2186 261 2258 tamen,
285 2169 347 2242 ubi
361 2181 467 2240 noctu
485 2193 550 2268 per
572 2191 667 2239 mare
692 2165 861 2266 pergendi
878 2171 1066 2242 necessitas
1091 2169 1175 2242 ade-

118 2281 195 2357 rat,
213 2267 309 2340 omni
327 2264 534 2369 adjumento
555 2263 714 2338 destituti
732 2265 836 2337 fuisse
849 2264 1022 2340 ridentur.
1072 2271 1175 2347 Astra

120 2367 218 2448 enim
254 2390 319 2466 per
350 2377 490 2438 noctem
521 2361 751 2436 observabant
782 2363 893 2466 iisque
925 2363 1073 2439 duribus
1101 2381 1177 2442 ute-

120 2471 271 2554 bantur,
296 2477 335 2536 ut
361 2461 408 2536 de
430 2463 576 2560 Ulysse,
611 2459 781 2562 Calypsirs
815 2463 958 2536 monitis
989 2463 1176 2561 obserato,

122 2563 313 2646 memoriae
350 2560 506 2661 prodidit
534 2561 738 2650 Homerus„
770 2557 830 2640 llli
846 2559 981 2640 scilicet
1000 2561 1097 2642 claro
1114 2593 1197 2656 na..

123 2661 313 2746 vem'scite
338 2659 547 2759 gubernanti

222 2761 431 2834 ...nott
453 2812 463 2832 .
489 2812 499 2832 .
522 2762 602 2842 ὖπιος
617 2764 663 2830 tut
681 2763 860 2856 βλεφάροισιν
879 2759 1001 2855 ἔπιπτε,

211 2860 373 2946 ΙΠληϊοίδοις
393 2855 419 2930 τ’
437 2857 590 2953 ἐσορῶντι,
616 2861 839 2953 editiotiones
857 2863 987 2948 Βοώτην,

201 2953 327 3053 'liparas
351 2955 390 3045 θ’,
415 2958 450 3040 ἣν
471 2965 519 3028 uui
535 2955 652 3049 ἄμαξαν
674 2965 818 3034 ἐπίκλησιν
839 2964 1005 3048 καλέουσιν,

209 3056 255 3148 Ἥ
276 3051 304 3130 τ’
317 3059 400 3132 αὐτοῦ
419 3065 585 3153 στρέφεται,
610 3061 660 3124 arai
676 3054 703 3126 r'
723 3059 846 3150 Ὠρίωνα
866 3061 984 3132 δοκῶσι·
1044 3109 1049 3121 .

228 3159 287 3240 Οἴη
303 3149 333 3225 δ’
346 3149 472 3250 ἄμμορος
496 3159 557 3230 ἐστι’
575 3157 692 3250 λοετρῶν
711 3151 864 3228 Ὠκεανοῖο.

144 3247 148 3255 ’
226 3259 287 3336 Τὴν
303 3260 361 3348 γὰρ
378 3251 414 3332 dn
434 3283 482 3343 μιν
499 3250 596 3346 ιἰἰνωγεΙ
609 3257 760 3347 Καλυψὼ,
786 3253 836 3324 δῖοι
853 3260 960 3342 θεάων,

224 3358 491 3448 Ποιοοιιοροιιὲμονοιι
507 3345 552 3423 ἐπ’
573 3358 708 3449 &nonni
725 3355 816 3447 χοιρὲς
836 3355 940 3450 ἔχοντα
955 3353 985 3430 5.
1152 3452 1175 3530 5

164 3643 193 3714 ι)
211 3643 250 3699 Da
264 3643 356 3715 quibus
375 3641 427 3700 rid.
443 3641 470 3698 h.
487 3659 510 3700 e.
528 3647 551 3716 §.
566 3647 597 3712 5,
615 3645 640 3699 6.
657 3643 778 3712 legimur
793 3648 862 3704 euim
875 3645 923 3705 0d.
938 3647 977 3717 Χ,
996 3666 1051 3718 ¹27·
1064 3649 1189 3704 ἀποποι-

130 3731 214 3792 ομιιτ·
226 3727 312 3786 ἔκοψα
323 3737 350 3780 rt
358 3723 409 3778 Od·
421 3721 498 3794 XIII,
517 3741 559 3795 77.
577 3733 682 3788 ννιΐσμα
693 3726 720 3777 δ’
729 3727 828 3780 ἔλυσαν
838 3731 892 3780 ἀπὸ
908 3738 1021 3800 τρητοῖο
1032 3730 1139 3784 λίθοιο·
1156 3735 1191 3790 ad

131 3829 157 3882 q.
173 3809 191 3866 l.
208 3807 314 3877 Sahal,
329 3815 452 3878 πιτσμιι,
469 3807 669 3878 iuterpretatur,
687 3811 720 3860 τὸ
735 3807 864 3876 datram
881 3813 1010 3880 σχοινίον.
1077 3815 1107 3880 a)
1126 3814 1189 3876 vit.

131 3891 180 3948 Od.
196 3889 249 3959 lx,
267 3891 315 3946 136
333 3889 377 3948 elt
392 3908 429 3947 rr.
449 3891 503 3960 ¹37·
519 3901 546 3944 et
556 3889 657 3944 Pauor.
667 3889 727 3948 iar.
741 3899 855 3954 σιτσμιι,
922 3893 951 3958 5)
970 3889 1030 3950 vit.
1043 3891 1075 3968 ¹la.
1090 3913 1115 3952 e.
1129 3903 1193 3972 Μ.

130 3973 162 4040 4)
181 3967 233 4026 Uli
253 3973 359 4040 γαλήνη
383 3971 483 4025 l'rtlrro
506 3974 622 4038 νηνεμίη
650 3973 718 4026 malo
742 3973 855 4044 velisque
874 3971 968 4026 demtis
995 3975 1074 4031 remla
1096 3993 1193 4037 ntum

132 4052 326 4110 incumbebant·
360 4051 421 4110 vit.
436 4053 485 4109 Od.
498 4053 565 4121 llll,
583 4056 631 4110 168
646 4071 717 4125 seqq.
734 4065 762 4108 et
777 4053 812 4108 11.
826 4053 896 4121 vlt,
912 4057 929 4108 5
946 4073 1017 4129 seqq.
1095 4061 1125 4130 5)
1142 4063 1193 4121 od.

133 4135 176 4208 V,
192 4155 239 4210 ²7¹
257 4153 329 4212 seqq.
372 4132 414 4195 Gi
437 4133 539 4207 (irruet
561 4135 610 4208 ⁰?-
635 4135 656 4194 l·
677 4135 767 4197 roll.
792 4137 967 4274 μήσεαι.
991 4137 1091 4202 rolli.
1108 4159 1135 4216 p·
1146 4163 1200 4286 ἃ
