2828 4986
242 281 334 334 erut
520 251 1039 336 ruoouutuu

250 465 473 536 ,exerceretur
490 449 602 542 liber,
627 477 733 551 quem
756 449 915 541 edimus,
940 465 1051 528 exstat
1082 450 1188 552 igitur
1213 457 1254 532 F.
1277 458 1327 534 Ca

253 549 425 648 Peterseu
448 567 607 644 Prolusio
634 567 680 640 tle
700 580 793 640 statu
821 569 998 660 culturae,
1021 573 1134 672 qualis
1151 576 1326 652 aetatibus

255 688 455 766 Homericis
475 685 573 788 apud
592 688 743 762 Graecos
764 686 870 760 fuerit
886 705 924 780 ²,
945 689 984 762 in
1002 717 1070 791 qua
1085 695 1229 792 quidam
1245 723 1326 795 pro·

258 809 394 886 lusione
414 821 539 882 auctor
559 805 696 883 dudum
727 805 795 879 sibl
817 807 1038 906 propositum
1057 809 1166 884 fuisse
1187 813 1256 904 ait,
1284 825 1328 886 ut

262 928 508 1031 antiquitatem
533 925 778 1011 Homericam,
802 947 892 1024 quae
918 938 996 1023 post
1016 925 1198 1002 Feithium
1220 933 1333 1006 nimis

264 1048 422 1146 neglecta
441 1049 588 1143 jaceret,
608 1041 712 1141 paulo
737 1041 930 1114 accuratius
950 1040 1171 1118 describeret
1222 1045 1335 1140 Quod

267 1168 345 1240 Viri
371 1165 475 1236 Doot.
501 1158 685 1233 consilium
708 1173 750 1232 ut
771 1158 881 1232 laetus
907 1163 1076 1258 cognovi,
1104 1165 1153 1239 ita
1177 1166 1336 1244 necdum

269 1285 438 1358 effectum
460 1305 534 1354 esse
559 1279 631 1351 mei
655 1302 757 1352 causa
777 1276 1006 1352 vehementer
1026 1279 1139 1356 doleo.

319 1402 374 1473 De
394 1397 549 1472 oratione
568 1393 696 1486 latina,
718 1423 789 1498 qua
803 1394 934 1470 librum
952 1400 1244 1501 conscripsimus,
1261 1427 1341 1476 non

272 1520 346 1596 lere
371 1530 426 1592 est
450 1513 546 1617 quod
572 1511 708 1588 dicam:
733 1540 837 1589 suum
857 1515 984 1617 cuique
1007 1530 1045 1590 et
1067 1543 1086 1590 a
1109 1519 1235 1592 ceteris
1261 1545 1339 1592 sae·

274 1638 356 1737 pius
380 1635 525 1708 omnino
538 1631 715 1706 diversum
737 1645 792 1706 est
811 1632 856 1706 de
881 1659 920 1707 ea
934 1633 1117 1733 judicium.
1167 1636 1241 1709 Nos
1263 1638 1345 1736 qui·

277 1755 361 1830 dem
383 1781 457 1828 non
481 1749 670 1827 verborum
691 1750 811 1826 fucum
838 1765 875 1824 et
897 1766 1060 1826 ornatum
1084 1751 1147 1826 sed
1168 1753 1346 1854 simplici-

258 1885 385 1946 tatem
413 1885 450 1944 et
475 1871 762 1972 perspicuitatem
786 1869 906 1942 sectati
929 1896 1074 1961 sumus,
1109 1870 1342 1946 Schelleriani

260 2046 264 2057 .
279 1991 461 2094 praecepti
483 2013 679 2076 memores,
697 2013 789 2088 quo,
807 1987 845 2060 in
866 1986 966 2062 libris
983 1985 1186 2096 didacticis,
1211 1989 1350 2092 inquit,

256 2191 263 2204 ,
283 2125 448 2186 nontam
469 2109 575 2184 refert
594 2119 742 2180 venuste
760 2129 866 2204 quam
887 2107 1073 2207 perspicue
1094 2108 1262 2184 scribere.

334 2231 433 2304 Haec
451 2239 550 2312 sunt,
571 2227 658 2298 B.L
679 2281 689 2314 ,
708 2247 797 2323 quae
812 2222 1000 2323 praefanda
1016 2225 1134 2298 habui.
1168 2225 1266 2319 Quid
1284 2228 1355 2304 ltoc

285 2348 378 2425 libro
399 2366 625 2448 sequeremur
644 2341 898 2414 enarravimus:
914 2352 1032 2414 utrum
1050 2347 1197 2418 assecuti
1220 2348 1354 2440 simus,

264 2481 329 2542 ‚tu
352 2465 498 2572 judices.
547 2459 605 2531 Me
629 2453 793 2558 quidem,
816 2459 847 2532 si
873 2455 919 2531 ad
936 2459 1132 2534 Homerum
1155 2487 1237 2538 cum
1261 2465 1357 2542 utili·

289 2588 372 2660 tatis
390 2595 426 2656 et
447 2579 627 2656 suavitatis
650 2575 767 2649 fructu
790 2573 978 2674 legendum
994 2589 1031 2650 et
1052 2576 1100 2664 ad
1121 2594 1270 2656 aetatem
1292 2583 1358 2658 he-

292 2703 426 2778 roicum
456 2695 503 2770 ab
532 2692 630 2768 omni
660 2705 760 2792 parte
791 2693 935 2792 penitus
969 2695 1254 2798 percipiendum,
1287 2701 1360 2776 hoc

297 2817 534 2922 qualicunque
562 2836 667 2912 opere
700 2823 820 2885 nostro
847 2809 1069 2913 aliquantum
1096 2819 1272 2915 juventuti
1299 2845 1359 2894 me

264 3007 269 3016 .
300 2937 472 3040 profuisse
493 2931 718 3021 intellexero,
747 2953 874 3030 operae
899 2927 994 3003 haud
1025 2959 1178 3034 unquam
1205 2937 1365 3033 poenite·

298 3058 365 3133 bit.
413 3051 600 3126 verissima
624 3047 757 3122 scilicet
773 3058 878 3134 sunt,
904 3075 992 3146 quae
1015 3052 1154 3124 monuit
1185 3053 1364 3130 Heusdius

300 3178 371 3252 Vir
395 3171 473 3262 Cl.,
507 3169 721 3266 Praeceptor
749 3163 975 3238 carissimus:
1011 3197 1032 3238 u
1054 3167 1196 3269 Neque,
1229 3172 1366 3273 inquit,

303 3329 325 3370 2>
353 3297 487 3396 justum
515 3283 622 3358 studii
656 3285 809 3358 fructum
838 3308 881 3356 ex
908 3285 1133 3387 antiquorum
1156 3290 1366 3388 scriptorum

304 3447 327 3488 u
353 3409 508 3484 lectione
530 3427 655 3504 capere
678 3403 722 3477 iis
748 3401 852 3492 licet,
876 3404 938 3502 qui
963 3405 1029 3478 etsi
1057 3403 1174 3506 aliqua
1204 3407 1366 3484 instructi

290 3566 327 3626 ,n
355 3526 623 3628 antiquitatum,
635 3546 724 3622 quae
743 3534 930 3615 vocantur,
947 3525 1163 3624 cognitione,
1183 3537 1299 3599 tamen
1325 3523 1369 3598 ad

1277 3675 1299 3716 u
1328 3641 1377 3716 le·

273 3927 280 3944 ,
357 3867 391 3954 1)
411 3869 487 3931 Fam
506 3861 594 3924 dedu
612 3862 722 3924 locor
738 3853 875 3924 monice
893 3875 971 3922 anno
992 3859 1081 3923 rste
