<?xml version="1.0" encoding="UTF-8"?>
<!DOCTYPE html PUBLIC "-//W3C//DTD XHTML 1.0 Transitional//EN"
    "http://www.w3.org/TR/xhtml1/DTD/xhtml1-transitional.dtd">
<html xmlns="http://www.w3.org/1999/xhtml" xml:lang="en" lang="en">
 <head>
  <title>
</title>
<meta http-equiv="Content-Type" content="text/html;charset=utf-8" />
  <meta name='ocr-system' content='tesseract 3.04.00' />
  <meta name='ocr-capabilities' content='ocr_page ocr_carea ocr_par ocr_line ocrx_word'/>
</head>
<body>
  <div class='ocr_page' id='page_1' title='image "./antiquitashomer00terpgoog_0021.png"; bbox 0 0 2828 4986; ppageno 0'>
   <div class='ocr_carea' id='block_1_1' title="bbox 395 311 1181 398">
    <p class='ocr_par' dir='ltr' id='par_1_1' title="bbox 395 311 1181 398">
     <span class='ocr_line' id='line_1_1' title="bbox 395 311 1181 398; baseline 0 -4"><span class='ocrx_word' id='word_1_1' title='bbox 395 311 961 398; x_wconf 64' lang='lat' dir='ltr'><strong>PROOEMIUM.»</strong></span> <span class='ocrx_word' id='word_1_2' title='bbox 1103 331 1181 394; x_wconf 78' lang='lat' dir='ltr'><strong>xvu</strong></span> 
     </span>
    </p>
   </div>
   <div class='ocr_carea' id='block_1_2' title="bbox 94 505 1175 1213">
    <p class='ocr_par' dir='ltr' id='par_1_2' title="bbox 96 505 1175 863">
     <span class='ocr_line' id='line_1_2' title="bbox 96 505 1173 618; baseline -0.002 -24"><span class='ocrx_word' id='word_1_3' title='bbox 96 505 226 594; x_wconf 76' lang='lat' dir='ltr'><strong>Alium</strong></span> <span class='ocrx_word' id='word_1_4' title='bbox 240 522 362 588; x_wconf 81' lang='lat' dir='ltr'><strong>contm</strong></span> <span class='ocrx_word' id='word_1_5' title='bbox 376 510 593 588; x_wconf 88' lang='lat' dir='ltr'><strong>Graecorum</strong></span> <span class='ocrx_word' id='word_1_6' title='bbox 612 514 815 607; x_wconf 86' lang='lat' dir='ltr'><strong>verborum,</strong></span> <span class='ocrx_word' id='word_1_7' title='bbox 840 513 986 618; x_wconf 89' lang='lat' dir='ltr'><strong>quaein</strong></span> <span class='ocrx_word' id='word_1_8' title='bbox 1005 525 1173 592; x_wconf 85' lang='lat' dir='ltr'><strong>contextu</strong></span> 
     </span>
     <span class='ocr_line' id='line_1_3' title="bbox 97 633 1175 738; baseline -0.007 -25"><span class='ocrx_word' id='word_1_9' title='bbox 97 633 326 738; x_wconf 78' lang='lat' dir='ltr'><strong>interpretati</strong></span> <span class='ocrx_word' id='word_1_10' title='bbox 348 656 490 725; x_wconf 83' lang='lat' dir='ltr'><strong>sumus,</strong></span> <span class='ocrx_word' id='word_1_11' title='bbox 517 634 672 706; x_wconf 88' lang='lat' dir='ltr'><strong>indicem</strong></span> <span class='ocrx_word' id='word_1_12' title='bbox 696 635 792 708; x_wconf 91' lang='lat' dir='ltr'><strong>haud</strong></span> <span class='ocrx_word' id='word_1_13' title='bbox 812 639 859 708; x_wconf 92' lang='lat' dir='ltr'><strong>ita</strong></span> <span class='ocrx_word' id='word_1_14' title='bbox 879 637 1035 736; x_wconf 87' lang='lat' dir='ltr'><strong>amplum</strong></span> <span class='ocrx_word' id='word_1_15' title='bbox 1054 633 1175 708; x_wconf 70' lang='lat' dir='ltr'><strong>conse-</strong></span> 
     </span>
     <span class='ocr_line' id='line_1_4' title="bbox 96 753 886 863; baseline -0.006 -34"><span class='ocrx_word' id='word_1_16' title='bbox 96 755 238 842; x_wconf 85' lang='lat' dir='ltr'><strong>cimns,</strong></span> <span class='ocrx_word' id='word_1_17' title='bbox 262 765 383 824; x_wconf 89' lang='lat' dir='ltr'><strong>nostro</strong></span> <span class='ocrx_word' id='word_1_18' title='bbox 406 755 540 852; x_wconf 86' lang='lat' dir='ltr'>quippe</span> <span class='ocrx_word' id='word_1_19' title='bbox 560 753 658 863; x_wconf 81' lang='lat' dir='ltr'><strong>operi</strong></span> <span class='ocrx_word' id='word_1_20' title='bbox 680 775 886 851; x_wconf 85' lang='lat' dir='ltr'><strong>congruum.</strong></span> 
     </span>
    </p>

    <p class='ocr_par' dir='ltr' id='par_1_3' title="bbox 94 869 1173 1213">
     <span class='ocr_line' id='line_1_5' title="bbox 149 869 1173 970; baseline -0.002 -24"><span class='ocrx_word' id='word_1_21' title='bbox 149 871 369 947; x_wconf 83' lang='lat' dir='ltr'><strong>Stttberianis</strong></span> <span class='ocrx_word' id='word_1_22' title='bbox 399 869 548 970; x_wconf 87' lang='lat' dir='ltr'><strong>denique</strong></span> <span class='ocrx_word' id='word_1_23' title='bbox 580 871 941 944; x_wconf 84' lang='lat' dir='ltr'><strong>animadversionibus</strong></span> <span class='ocrx_word' id='word_1_24' title='bbox 969 884 1006 944; x_wconf 88' lang='lat' dir='ltr'><strong>et</strong></span> <span class='ocrx_word' id='word_1_25' title='bbox 1026 869 1173 944; x_wconf 86' lang='lat' dir='ltr'><strong>Joannis</strong></span> 
     </span>
     <span class='ocr_line' id='line_1_6' title="bbox 95 987 1171 1091; baseline -0.005 -24"><span class='ocrx_word' id='word_1_26' title='bbox 95 993 212 1068; x_wconf 70' lang='lat' dir='ltr'><strong>Isaici</strong></span> <span class='ocrx_word' id='word_1_27' title='bbox 246 987 411 1091; x_wconf 89' lang='lat' dir='ltr'><strong>Heupelii</strong></span> <span class='ocrx_word' id='word_1_28' title='bbox 442 987 743 1062; x_wconf 84' lang='lat' dir='ltr'><strong>observationibus</strong></span> <span class='ocrx_word' id='word_1_29' title='bbox 776 987 1171 1089; x_wconf 89' lang='lat' dir='ltr'><strong>Philologico-Criticis,</strong></span> 
     </span>
     <span class='ocr_line' id='line_1_7' title="bbox 94 1105 1172 1213; baseline -0.004 -29"><span class='ocrx_word' id='word_1_30' title='bbox 94 1124 269 1213; x_wconf 88' lang='lat' dir='ltr'><strong>quantum</strong></span> <span class='ocrx_word' id='word_1_31' title='bbox 298 1121 494 1188; x_wconf 72' lang='lat' dir='ltr'><strong>exmostro</strong></span> <span class='ocrx_word' id='word_1_32' title='bbox 520 1105 664 1179; x_wconf 78' lang='lat' dir='ltr'><strong>oonsilio</strong></span> <span class='ocrx_word' id='word_1_33' title='bbox 701 1105 821 1196; x_wconf 90' lang='lat' dir='ltr'><strong>licuit,</strong></span> <span class='ocrx_word' id='word_1_34' title='bbox 855 1109 910 1180; x_wconf 88' lang='lat' dir='ltr'><strong>usi</strong></span> <span class='ocrx_word' id='word_1_35' title='bbox 940 1107 1084 1208; x_wconf 88' lang='lat' dir='ltr'><strong>quidem</strong></span> <span class='ocrx_word' id='word_1_36' title='bbox 1114 1133 1172 1180; x_wconf 61' lang='lat' dir='ltr'><strong>sus</strong></span> 
     </span>
    </p>
   </div>
   <div class='ocr_carea' id='block_1_3' title="bbox 81 1225 1217 3588">
    <p class='ocr_par' dir='ltr' id='par_1_4' title="bbox 81 1225 1217 3588">
     <span class='ocr_line' id='line_1_8' title="bbox 95 1225 1169 1327; baseline -0.003 -23"><span class='ocrx_word' id='word_1_37' title='bbox 95 1251 195 1322; x_wconf 88' lang='lat' dir='ltr'><strong>mus,</strong></span> <span class='ocrx_word' id='word_1_38' title='bbox 221 1225 375 1300; x_wconf 77' lang='lat' dir='ltr'><strong>attamen</strong></span> <span class='ocrx_word' id='word_1_39' title='bbox 401 1226 533 1316; x_wconf 87' lang='lat' dir='ltr'><strong>rarius,</strong></span> <span class='ocrx_word' id='word_1_40' title='bbox 559 1225 657 1325; x_wconf 88' lang='lat' dir='ltr'><strong>quod</strong></span> <span class='ocrx_word' id='word_1_41' title='bbox 682 1225 866 1327; x_wconf 89' lang='lat' dir='ltr'><strong>plemsque</strong></span> <span class='ocrx_word' id='word_1_42' title='bbox 886 1226 982 1300; x_wconf 91' lang='lat' dir='ltr'><strong>locos</strong></span> <span class='ocrx_word' id='word_1_43' title='bbox 1003 1226 1169 1301; x_wconf 86' lang='lat' dir='ltr'><strong>Homeri·</strong></span> 
     </span>
     <span class='ocr_line' id='line_1_9' title="bbox 92 1336 1172 1448; baseline -0.003 -26"><span class='ocrx_word' id='word_1_44' title='bbox 92 1374 178 1438; x_wconf 88' lang='lat' dir='ltr'><strong>coe,</strong></span> <span class='ocrx_word' id='word_1_45' title='bbox 206 1346 267 1448; x_wconf 89' lang='lat' dir='ltr'><strong>qui</strong></span> <span class='ocrx_word' id='word_1_46' title='bbox 289 1371 308 1419; x_wconf 85' lang='lat' dir='ltr'><strong>a</strong></span> <span class='ocrx_word' id='word_1_47' title='bbox 334 1336 475 1418; x_wconf 87' lang='lat' dir='ltr'><strong>Feithio</strong></span> <span class='ocrx_word' id='word_1_48' title='bbox 500 1342 614 1415; x_wconf 82' lang='lat' dir='ltr'><strong>citatis</strong></span> <span class='ocrx_word' id='word_1_49' title='bbox 634 1341 686 1416; x_wconf 92' lang='lat' dir='ltr'><strong>ibi</strong></span> <span class='ocrx_word' id='word_1_50' title='bbox 708 1343 885 1416; x_wconf 84' lang='lat' dir='ltr'><strong>adduntur</strong></span> <span class='ocrx_word' id='word_1_51' title='bbox 902 1363 941 1433; x_wconf 83' lang='lat'><strong>¹,</strong></span> <span class='ocrx_word' id='word_1_52' title='bbox 968 1345 1043 1446; x_wconf 92' lang='lat' dir='ltr'><strong>ipse</strong></span> <span class='ocrx_word' id='word_1_53' title='bbox 1065 1345 1172 1420; x_wconf 87' lang='lat' dir='ltr'><strong>adno-</strong></span> 
     </span>
     <span class='ocr_line' id='line_1_10' title="bbox 90 1461 1170 1567; baseline 0 -29"><span class='ocrx_word' id='word_1_54' title='bbox 90 1468 180 1540; x_wconf 83' lang='lat' dir='ltr'><strong>tatis</strong></span> <span class='ocrx_word' id='word_1_55' title='bbox 206 1470 279 1567; x_wconf 77' lang='lat' dir='ltr'><strong>jam</strong></span> <span class='ocrx_word' id='word_1_56' title='bbox 303 1461 568 1563; x_wconf 87' lang='lat' dir='ltr'><strong>adscripseram.</strong></span> <span class='ocrx_word' id='word_1_57' title='bbox 626 1462 751 1561; x_wconf 87' lang='lat' dir='ltr'><strong>Ipsum</strong></span> <span class='ocrx_word' id='word_1_58' title='bbox 778 1463 874 1536; x_wconf 89' lang='lat' dir='ltr'><strong>euim</strong></span> <span class='ocrx_word' id='word_1_59' title='bbox 897 1465 1094 1538; x_wconf 80' lang='lat' dir='ltr'>Homerum</span> <span class='ocrx_word' id='word_1_60' title='bbox 1120 1466 1170 1539; x_wconf 68' lang='lat' dir='ltr'><strong>les</strong></span> 
     </span>
     <span class='ocr_line' id='line_1_11' title="bbox 91 1581 1169 1683; baseline -0.001 -23"><span class='ocrx_word' id='word_1_61' title='bbox 91 1586 323 1674; x_wconf 79' lang='lat' dir='ltr'><strong>etitareram,</strong></span> <span class='ocrx_word' id='word_1_62' title='bbox 357 1584 562 1682; x_wconf 80' lang='lat' dir='ltr'><strong>priusquam</strong></span> <span class='ocrx_word' id='word_1_63' title='bbox 598 1581 838 1674; x_wconf 82' lang='lat' dir='ltr'><strong>consulerem,</strong></span> <span class='ocrx_word' id='word_1_64' title='bbox 873 1584 1006 1683; x_wconf 84' lang='lat' dir='ltr'><strong>quiex</strong></span> <span class='ocrx_word' id='word_1_65' title='bbox 1042 1583 1169 1660; x_wconf 88' lang='lat' dir='ltr'><strong>eodeut</strong></span> 
     </span>
     <span class='ocr_line' id='line_1_12' title="bbox 91 1693 1217 1794; baseline 0 -19"><span class='ocrx_word' id='word_1_66' title='bbox 91 1703 192 1776; x_wconf 82' lang='lat' dir='ltr'><strong>fonte</strong></span> <span class='ocrx_word' id='word_1_67' title='bbox 215 1727 277 1775; x_wconf 92' lang='lat' dir='ltr'><strong>sua</strong></span> <span class='ocrx_word' id='word_1_68' title='bbox 307 1700 513 1776; x_wconf 86' lang='lat' dir='ltr'><strong>hauserunt.</strong></span> <span class='ocrx_word' id='word_1_69' title='bbox 569 1697 674 1794; x_wconf 90' lang='lat' dir='ltr'><strong>Quod</strong></span> <span class='ocrx_word' id='word_1_70' title='bbox 702 1693 861 1774; x_wconf 89' lang='lat' dir='ltr'><strong>inomni</strong></span> <span class='ocrx_word' id='word_1_71' title='bbox 886 1699 953 1774; x_wconf 91' lang='lat' dir='ltr'><strong>hac</strong></span> <span class='ocrx_word' id='word_1_72' title='bbox 982 1725 1022 1774; x_wconf 91' lang='lat' dir='ltr'><strong>re</strong></span> <span class='ocrx_word' id='word_1_73' title='bbox 1044 1715 1169 1776; x_wconf 88' lang='lat' dir='ltr'><strong>tenen·</strong></span> <span class='ocrx_word' id='word_1_74' title='bbox 1215 1789 1217 1792; x_wconf 17' lang='lat'>¹</span> 
     </span>
     <span class='ocr_line' id='line_1_13' title="bbox 94 1818 1167 1918; baseline -0.003 -23"><span class='ocrx_word' id='word_1_75' title='bbox 94 1822 187 1896; x_wconf 89' lang='lat' dir='ltr'><strong>dum</strong></span> <span class='ocrx_word' id='word_1_76' title='bbox 208 1833 274 1895; x_wconf 87' lang='lat' dir='ltr'><strong>est.</strong></span> <span class='ocrx_word' id='word_1_77' title='bbox 332 1819 426 1894; x_wconf 90' lang='lat' dir='ltr'><strong>Nam</strong></span> <span class='ocrx_word' id='word_1_78' title='bbox 451 1839 518 1894; x_wconf 85' lang='lat' dir='ltr'><strong>usu</strong></span> <span class='ocrx_word' id='word_1_79' title='bbox 539 1818 678 1918; x_wconf 86' lang='lat' dir='ltr'><strong>saepius</strong></span> <span class='ocrx_word' id='word_1_80' title='bbox 701 1818 791 1892; x_wconf 79' lang='lat' dir='ltr'><strong>milri</strong></span> <span class='ocrx_word' id='word_1_81' title='bbox 818 1819 954 1912; x_wconf 82' lang='lat' dir='ltr'><strong>evenit,</strong></span> <span class='ocrx_word' id='word_1_82' title='bbox 978 1832 1020 1892; x_wconf 87' lang='lat' dir='ltr'><strong>ut</strong></span> <span class='ocrx_word' id='word_1_83' title='bbox 1040 1843 1167 1893; x_wconf 90' lang='lat' dir='ltr'><strong>recen·</strong></span> 
     </span>
     <span class='ocr_line' id='line_1_14' title="bbox 90 1934 1166 2044; baseline 0.001 -30"><span class='ocrx_word' id='word_1_84' title='bbox 90 1941 226 2014; x_wconf 91' lang='lat' dir='ltr'><strong>tiorum</strong></span> <span class='ocrx_word' id='word_1_85' title='bbox 246 1937 468 2044; x_wconf 87' lang='lat' dir='ltr'><strong>quorundam</strong></span> <span class='ocrx_word' id='word_1_86' title='bbox 495 1937 656 2038; x_wconf 88' lang='lat' dir='ltr'><strong>scriptis,</strong></span> <span class='ocrx_word' id='word_1_87' title='bbox 681 1963 768 2037; x_wconf 88' lang='lat' dir='ltr'><strong>quae</strong></span> <span class='ocrx_word' id='word_1_88' title='bbox 788 1934 834 2010; x_wconf 86' lang='lat' dir='ltr'><strong>ad</strong></span> <span class='ocrx_word' id='word_1_89' title='bbox 858 1961 935 2010; x_wconf 90' lang='lat' dir='ltr'><strong>rem</strong></span> <span class='ocrx_word' id='word_1_90' title='bbox 952 1963 1067 2012; x_wconf 90' lang='lat' dir='ltr'><strong>meam</strong></span> <span class='ocrx_word' id='word_1_91' title='bbox 1087 1965 1166 2040; x_wconf 61' lang='lat' dir='ltr'><strong>pers</strong></span> 
     </span>
     <span class='ocr_line' id='line_1_15' title="bbox 89 2052 1167 2161; baseline 0.004 -31"><span class='ocrx_word' id='word_1_92' title='bbox 89 2055 277 2149; x_wconf 87' lang='lat' dir='ltr'><strong>tinebant,</strong></span> <span class='ocrx_word' id='word_1_93' title='bbox 311 2055 513 2132; x_wconf 77' lang='lat' dir='ltr'><strong>evolvendis</strong></span> <span class='ocrx_word' id='word_1_94' title='bbox 545 2052 640 2130; x_wconf 88' lang='lat' dir='ltr'><strong>nihil</strong></span> <span class='ocrx_word' id='word_1_95' title='bbox 665 2053 760 2128; x_wconf 85' lang='lat' dir='ltr'><strong>aliud</strong></span> <span class='ocrx_word' id='word_1_96' title='bbox 792 2057 1024 2156; x_wconf 86' lang='lat' dir='ltr'><strong>proficerem,</strong></span> <span class='ocrx_word' id='word_1_97' title='bbox 1060 2085 1167 2161; x_wconf 89' lang='lat' dir='ltr'><strong>quam</strong></span> 
     </span>
     <span class='ocr_line' id='line_1_16' title="bbox 90 2169 1168 2276; baseline 0.007 -30"><span class='ocrx_word' id='word_1_98' title='bbox 90 2187 136 2248; x_wconf 91' lang='lat' dir='ltr'><strong>ut</strong></span> <span class='ocrx_word' id='word_1_99' title='bbox 159 2173 316 2247; x_wconf 89' lang='lat' dir='ltr'><strong>eundem</strong></span> <span class='ocrx_word' id='word_1_100' title='bbox 345 2199 403 2248; x_wconf 90' lang='lat' dir='ltr'><strong>eos</strong></span> <span class='ocrx_word' id='word_1_101' title='bbox 430 2199 572 2248; x_wconf 90' lang='lat' dir='ltr'><strong>mecum</strong></span> <span class='ocrx_word' id='word_1_102' title='bbox 598 2172 732 2245; x_wconf 87' lang='lat' dir='ltr'><strong>sontem</strong></span> <span class='ocrx_word' id='word_1_103' title='bbox 765 2172 892 2247; x_wconf 80' lang='lat' dir='ltr'><strong>adiisse</strong></span> <span class='ocrx_word' id='word_1_104' title='bbox 922 2169 1168 2276; x_wconf 81' lang='lat' dir='ltr'><strong>intelligerem.</strong></span> 
     </span>
     <span class='ocr_line' id='line_1_17' title="bbox 89 2287 1162 2390; baseline 0.007 -26"><span class='ocrx_word' id='word_1_105' title='bbox 89 2294 195 2385; x_wconf 91' lang='lat' dir='ltr'><strong>Quos</strong></span> <span class='ocrx_word' id='word_1_106' title='bbox 228 2289 457 2364; x_wconf 89' lang='lat' dir='ltr'><strong>nihilominus</strong></span> <span class='ocrx_word' id='word_1_107' title='bbox 497 2290 710 2390; x_wconf 74' lang='lat' dir='ltr'><strong>scriptores,</strong></span> <span class='ocrx_word' id='word_1_108' title='bbox 745 2287 806 2361; x_wconf 92' lang='lat' dir='ltr'><strong>ubi</strong></span> <span class='ocrx_word' id='word_1_109' title='bbox 837 2315 894 2365; x_wconf 87' lang='lat' dir='ltr'><strong>res</strong></span> <span class='ocrx_word' id='word_1_110' title='bbox 930 2291 1084 2387; x_wconf 82' lang='lat' dir='ltr'><strong>ferebat,</strong></span> <span class='ocrx_word' id='word_1_111' title='bbox 1119 2320 1162 2374; x_wconf 89' lang='lat' dir='ltr'><strong>ec</strong></span> 
     </span>
     <span class='ocr_line' id='line_1_18' title="bbox 87 2405 1165 2507; baseline 0.005 -23"><span class='ocrx_word' id='word_1_112' title='bbox 87 2407 239 2484; x_wconf 88' lang='lat' dir='ltr'><strong>consilio</strong></span> <span class='ocrx_word' id='word_1_113' title='bbox 260 2409 385 2500; x_wconf 86' lang='lat' dir='ltr'><strong>citavi,</strong></span> <span class='ocrx_word' id='word_1_114' title='bbox 410 2421 451 2482; x_wconf 94' lang='lat' dir='ltr'><strong>ut</strong></span> <span class='ocrx_word' id='word_1_115' title='bbox 477 2405 667 2506; x_wconf 81' lang='lat' dir='ltr'><strong>juvenibus</strong></span> <span class='ocrx_word' id='word_1_116' title='bbox 696 2407 978 2507; x_wconf 83' lang='lat' dir='ltr'><strong>innotescerent,</strong></span> <span class='ocrx_word' id='word_1_117' title='bbox 1003 2437 1071 2488; x_wconf 89' lang='lat' dir='ltr'><strong>nec</strong></span> <span class='ocrx_word' id='word_1_118' title='bbox 1097 2416 1165 2488; x_wconf 88' lang='lat' dir='ltr'><strong>mi·</strong></span> 
     </span>
     <span class='ocr_line' id='line_1_19' title="bbox 85 2525 1162 2625; baseline 0.009 -23"><span class='ocrx_word' id='word_1_119' title='bbox 85 2528 132 2602; x_wconf 79' lang='lat' dir='ltr'><strong>hi</strong></span> <span class='ocrx_word' id='word_1_120' title='bbox 163 2551 222 2600; x_wconf 89' lang='lat' dir='ltr'><strong>eos</strong></span> <span class='ocrx_word' id='word_1_121' title='bbox 250 2525 425 2625; x_wconf 83' lang='lat' dir='ltr'><strong>ignorasse</strong></span> <span class='ocrx_word' id='word_1_122' title='bbox 457 2527 599 2600; x_wconf 90' lang='lat' dir='ltr'><strong>crimini</strong></span> <span class='ocrx_word' id='word_1_123' title='bbox 625 2539 829 2600; x_wconf 84' lang='lat' dir='ltr'><strong>verteretur.</strong></span> <span class='ocrx_word' id='word_1_124' title='bbox 886 2529 1007 2606; x_wconf 82' lang='lat' dir='ltr'><strong>Sciens</strong></span> <span class='ocrx_word' id='word_1_125' title='bbox 1039 2533 1162 2612; x_wconf 81' lang='lat' dir='ltr'><strong>contra</strong></span> 
     </span>
     <span class='ocr_line' id='line_1_20' title="bbox 85 2639 1163 2747; baseline 0.009 -29"><span class='ocrx_word' id='word_1_126' title='bbox 85 2647 308 2747; x_wconf 76' lang='lat' dir='ltr'><strong>antiquitatis</strong></span> <span class='ocrx_word' id='word_1_127' title='bbox 336 2639 569 2745; x_wconf 86' lang='lat' dir='ltr'><strong>compendia,</strong></span> <span class='ocrx_word' id='word_1_128' title='bbox 603 2657 752 2717; x_wconf 81' lang='lat' dir='ltr'><strong>numero</strong></span> <span class='ocrx_word' id='word_1_129' title='bbox 773 2641 950 2745; x_wconf 88' lang='lat' dir='ltr'><strong>plurima,</strong></span> <span class='ocrx_word' id='word_1_130' title='bbox 974 2675 1047 2726; x_wconf 89' lang='lat' dir='ltr'><strong>non</strong></span> <span class='ocrx_word' id='word_1_131' title='bbox 1067 2680 1163 2728; x_wconf 61' lang='lat' dir='ltr'><strong>coma</strong></span> 
     </span>
     <span class='ocr_line' id='line_1_21' title="bbox 85 2761 1162 2846; baseline 0.006 -8"><span class='ocrx_word' id='word_1_132' title='bbox 85 2767 313 2838; x_wconf 83' lang='lat' dir='ltr'><strong>memorari:</strong></span> <span class='ocrx_word' id='word_1_133' title='bbox 354 2789 438 2837; x_wconf 90' lang='lat' dir='ltr'><strong>nam</strong></span> <span class='ocrx_word' id='word_1_134' title='bbox 472 2761 593 2836; x_wconf 80' lang='lat' dir='ltr'><strong>leviter</strong></span> <span class='ocrx_word' id='word_1_135' title='bbox 620 2761 693 2834; x_wconf 86' lang='lat' dir='ltr'><strong>sere</strong></span> <span class='ocrx_word' id='word_1_136' title='bbox 719 2763 759 2836; x_wconf 92' lang='lat' dir='ltr'><strong>in</strong></span> <span class='ocrx_word' id='word_1_137' title='bbox 789 2764 833 2837; x_wconf 86' lang='lat' dir='ltr'><strong>iis</strong></span> <span class='ocrx_word' id='word_1_138' title='bbox 864 2791 920 2840; x_wconf 91' lang='lat' dir='ltr'><strong>res</strong></span> <span class='ocrx_word' id='word_1_139' title='bbox 957 2775 1162 2846; x_wconf 86' lang='lat' dir='ltr'><strong>Homericae</strong></span> 
     </span>
     <span class='ocr_line' id='line_1_22' title="bbox 86 2883 1162 2988; baseline 0.005 -33"><span class='ocrx_word' id='word_1_140' title='bbox 86 2883 398 2982; x_wconf 86' lang='lat' dir='ltr'><strong>perstringuntur,</strong></span> <span class='ocrx_word' id='word_1_141' title='bbox 430 2899 502 2954; x_wconf 89' lang='lat' dir='ltr'><strong>uno</strong></span> <span class='ocrx_word' id='word_1_142' title='bbox 543 2893 689 2979; x_wconf 77' lang='lat' dir='ltr'><strong>excepto</strong></span> <span class='ocrx_word' id='word_1_143' title='bbox 726 2883 838 2956; x_wconf 89' lang='lat' dir='ltr'><strong>Doct.</strong></span> <span class='ocrx_word' id='word_1_144' title='bbox 871 2884 921 2961; x_wconf 87' lang='grc' dir='ltr'><strong>Η.</strong></span> <span class='ocrx_word' id='word_1_145' title='bbox 949 2887 1059 2980; x_wconf 85' lang='lat' dir='ltr'><strong>llase,</strong></span> <span class='ocrx_word' id='word_1_146' title='bbox 1097 2893 1162 2988; x_wconf 88' lang='lat' dir='ltr'><strong>qul</strong></span> 
     </span>
     <span class='ocr_line' id='line_1_23' title="bbox 84 2990 1163 3102; baseline 0.011 -28"><span class='ocrx_word' id='word_1_147' title='bbox 84 3003 130 3074; x_wconf 86' lang='lat' dir='ltr'><strong>ln</strong></span> <span class='ocrx_word' id='word_1_148' title='bbox 158 3001 337 3076; x_wconf 60' lang='lat' dir='ltr'><strong>necunde</strong></span> <span class='ocrx_word' id='word_1_149' title='bbox 371 2990 578 3102; x_wconf 80' lang='lat' dir='ltr'><strong>antiquitate</strong></span> <span class='ocrx_word' id='word_1_150' title='bbox 608 2997 745 3072; x_wconf 88' lang='lat' dir='ltr'><strong>Graeca</strong></span> <span class='ocrx_word' id='word_1_151' title='bbox 766 3000 953 3077; x_wconf 85' lang='lat' dir='ltr'><strong>universali</strong></span> <span class='ocrx_word' id='word_1_152' title='bbox 978 3005 1060 3081; x_wconf 86' lang='lat' dir='ltr'><strong>satis</strong></span> <span class='ocrx_word' id='word_1_153' title='bbox 1086 3037 1163 3086; x_wconf 91' lang='lat' dir='ltr'><strong>ma·</strong></span> 
     </span>
     <span class='ocr_line' id='line_1_24' title="bbox 86 3107 1158 3220; baseline 0.01 -28"><span class='ocrx_word' id='word_1_154' title='bbox 86 3145 198 3218; x_wconf 80' lang='lat' dir='ltr'><strong>gnam</strong></span> <span class='ocrx_word' id='word_1_155' title='bbox 223 3121 349 3219; x_wconf 58' lang='lat' dir='ltr'><strong>prioris</strong></span> <span class='ocrx_word' id='word_1_156' title='bbox 375 3107 564 3194; x_wconf 78' lang='lat' dir='ltr'><strong>voluminis</strong></span> <span class='ocrx_word' id='word_1_157' title='bbox 596 3130 733 3220; x_wconf 89' lang='lat' dir='ltr'><strong>partem</strong></span> <span class='ocrx_word' id='word_1_158' title='bbox 765 3119 961 3196; x_wconf 88' lang='lat' dir='ltr'><strong>Homericis</strong></span> <span class='ocrx_word' id='word_1_159' title='bbox 998 3149 1043 3200; x_wconf 87' lang='lat' dir='ltr'><strong>ex</strong></span> <span class='ocrx_word' id='word_1_160' title='bbox 1074 3129 1158 3204; x_wconf 84' lang='lat' dir='ltr'><strong>Fei·</strong></span> 
     </span>
     <span class='ocr_line' id='line_1_25' title="bbox 81 3235 1187 3343; baseline 0.006 -31"><span class='ocrx_word' id='word_1_161' title='bbox 81 3238 156 3312; x_wconf 85' lang='lat' dir='ltr'><strong>thii</strong></span> <span class='ocrx_word' id='word_1_162' title='bbox 183 3263 303 3312; x_wconf 87' lang='lat' dir='ltr'><strong>nonna</strong></span> <span class='ocrx_word' id='word_1_163' title='bbox 329 3235 547 3312; x_wconf 78' lang='lat' dir='ltr'><strong>delineandis</strong></span> <span class='ocrx_word' id='word_1_164' title='bbox 577 3236 755 3311; x_wconf 80' lang='lat' dir='ltr'><strong>dedicavit</strong></span> <span class='ocrx_word' id='word_1_165' title='bbox 770 3255 800 3314; x_wconf 84' lang='lat'><strong>².</strong></span> <span class='ocrx_word' id='word_1_166' title='bbox 849 3239 973 3314; x_wconf 81' lang='lat' dir='ltr'><strong>Exstat</strong></span> <span class='ocrx_word' id='word_1_167' title='bbox 1001 3261 1187 3343; x_wconf 63' lang='lat' dir='ltr'><strong>praeter·</strong></span> 
     </span>
     <span class='ocr_line' id='line_1_26' title="bbox 82 3349 1158 3460; baseline 0.011 -33"><span class='ocrx_word' id='word_1_168' title='bbox 82 3380 149 3437; x_wconf 83' lang='lat' dir='ltr'><strong>ea.</strong></span> <span class='ocrx_word' id='word_1_169' title='bbox 185 3381 291 3454; x_wconf 87' lang='lat' dir='ltr'><strong>quam</strong></span> <span class='ocrx_word' id='word_1_170' title='bbox 320 3355 450 3431; x_wconf 84' lang='lat' dir='ltr'><strong>frustra</strong></span> <span class='ocrx_word' id='word_1_171' title='bbox 480 3353 543 3428; x_wconf 88' lang='lat' dir='ltr'><strong>diu</strong></span> <span class='ocrx_word' id='word_1_172' title='bbox 574 3357 767 3457; x_wconf 84' lang='lat' dir='ltr'><strong>quaesitam</strong></span> <span class='ocrx_word' id='word_1_173' title='bbox 800 3357 905 3436; x_wconf 89' lang='lat' dir='ltr'><strong>Doct.</strong></span> <span class='ocrx_word' id='word_1_174' title='bbox 938 3349 1158 3460; x_wconf 76' lang='lat' dir='ltr'><strong>Bergmanni</strong></span> 
     </span>
     <span class='ocr_line' id='line_1_27' title="bbox 81 3473 1156 3588; baseline 0.015 -43"><span class='ocrx_word' id='word_1_175' title='bbox 81 3473 309 3550; x_wconf 81' lang='lat' dir='ltr'><strong>humanitate</strong></span> <span class='ocrx_word' id='word_1_176' title='bbox 330 3489 456 3551; x_wconf 90' lang='lat' dir='ltr'><strong>nactus</strong></span> <span class='ocrx_word' id='word_1_177' title='bbox 478 3496 578 3566; x_wconf 88' lang='lat' dir='ltr'><strong>sum,</strong></span> <span class='ocrx_word' id='word_1_178' title='bbox 605 3497 687 3548; x_wconf 86' lang='lat' dir='ltr'><strong>cum</strong></span> <span class='ocrx_word' id='word_1_179' title='bbox 706 3475 826 3574; x_wconf 89' lang='lat' dir='ltr'><strong>praelo</strong></span> <span class='ocrx_word' id='word_1_180' title='bbox 843 3475 1057 3581; x_wconf 85' lang='lat' dir='ltr'><strong>aliquamdiu</strong></span> <span class='ocrx_word' id='word_1_181' title='bbox 1080 3491 1156 3588; x_wconf 90' lang='lat' dir='ltr'><strong>jam</strong></span> 
     </span>
    </p>
   </div>
   <div class='ocr_carea' id='block_1_4' title="bbox 1094 3619 1159 3681">
    <p class='ocr_par' dir='ltr' id='par_1_5' title="bbox 1094 3619 1159 3681">
     <span class='ocr_line' id='line_1_28' title="bbox 1094 3619 1159 3681; baseline 0.046 -3"><span class='ocrx_word' id='word_1_182' title='bbox 1094 3619 1159 3681; x_wconf 59' lang='lat' dir='ltr'><strong>el·</strong></span> 
     </span>
    </p>
   </div>
   <div class='ocr_carea' id='block_1_5' title="bbox 125 3799 1155 3998">
    <p class='ocr_par' dir='ltr' id='par_1_6' title="bbox 125 3799 1155 3998">
     <span class='ocr_line' id='line_1_29' title="bbox 127 3799 942 3888; baseline 0.002 -10"><span class='ocrx_word' id='word_1_183' title='bbox 127 3811 166 3888; x_wconf 77' lang='lat' dir='ltr'><strong>ll</strong></span> <span class='ocrx_word' id='word_1_184' title='bbox 186 3799 304 3876; x_wconf 88' lang='lat' dir='ltr'><strong>Ceteris</strong></span> <span class='ocrx_word' id='word_1_185' title='bbox 325 3814 407 3874; x_wconf 88' lang='lat' dir='ltr'><strong>enirn</strong></span> <span class='ocrx_word' id='word_1_186' title='bbox 426 3801 473 3874; x_wconf 82' lang='lat' dir='ltr'><strong>uti</strong></span> <span class='ocrx_word' id='word_1_187' title='bbox 490 3807 614 3875; x_wconf 72' lang='lat' dir='ltr'><strong>velabat</strong></span> <span class='ocrx_word' id='word_1_188' title='bbox 625 3805 756 3876; x_wconf 83' lang='lat' dir='ltr'><strong>instituti</strong></span> <span class='ocrx_word' id='word_1_189' title='bbox 773 3818 833 3878; x_wconf 89' lang='lat' dir='ltr'><strong>mei</strong></span> <span class='ocrx_word' id='word_1_190' title='bbox 856 3819 942 3880; x_wconf 82' lang='lat' dir='ltr'><strong>ratic.</strong></span> 
     </span>
     <span class='ocr_line' id='line_1_30' title="bbox 125 3915 1155 3998; baseline 0.013 -20"><span class='ocrx_word' id='word_1_191' title='bbox 125 3921 162 3994; x_wconf 87' lang='grc'><strong>2)</strong></span> <span class='ocrx_word' id='word_1_192' title='bbox 183 3917 294 3998; x_wconf 85' lang='lat' dir='ltr'><strong>Operis</strong></span> <span class='ocrx_word' id='word_1_193' title='bbox 306 3915 412 3976; x_wconf 82' lang='lat' dir='ltr'><strong>titulus</strong></span> <span class='ocrx_word' id='word_1_194' title='bbox 425 3921 486 3976; x_wconf 85' lang='lat' dir='ltr'><strong>est:</strong></span> <span class='ocrx_word' id='word_1_195' title='bbox 507 3916 707 3980; x_wconf 82' lang='lat' dir='ltr'><strong>Griachisohe</strong></span> <span class='ocrx_word' id='word_1_196' title='bbox 724 3919 1013 3983; x_wconf 77' lang='lat' dir='ltr'><strong>Altertltumsltunde</strong></span> <span class='ocrx_word' id='word_1_197' title='bbox 1031 3941 1089 3986; x_wconf 81' lang='lat' dir='ltr'><strong>rou</strong></span> <span class='ocrx_word' id='word_1_198' title='bbox 1099 3925 1155 3990; x_wconf 74' lang='lat' dir='ltr'><strong>Dra</strong></span> 
     </span>
    </p>
   </div>
   <div class='ocr_carea' id='block_1_6' title="bbox 77 4013 929 4164">
    <p class='ocr_par' dir='ltr' id='par_1_7' title="bbox 77 4013 929 4164">
     <span class='ocr_line' id='line_1_31' title="bbox 77 4013 806 4086; baseline -0.004 -3"><span class='ocrx_word' id='word_1_199' title='bbox 77 4013 119 4086; x_wconf 86' lang='lat'><strong>11.</strong></span> <span class='ocrx_word' id='word_1_200' title='bbox 144 4021 234 4082; x_wconf 75' lang='lat' dir='ltr'><strong>uase.</strong></span> <span class='ocrx_word' id='word_1_201' title='bbox 253 4019 329 4078; x_wconf 74' lang='lat' dir='ltr'><strong>uwel</strong></span> <span class='ocrx_word' id='word_1_202' title='bbox 349 4015 521 4082; x_wconf 78' lang='lat' dir='ltr'><strong>Biturlchcn.</strong></span> <span class='ocrx_word' id='word_1_203' title='bbox 547 4018 695 4082; x_wconf 78' lang='lat' dir='ltr'><strong>Drasdeu.</strong></span> <span class='ocrx_word' id='word_1_204' title='bbox 718 4019 806 4082; x_wconf 79' lang='lat'><strong>1828.</strong></span> 
     </span>
     <span class='ocr_line' id='line_1_32' title="bbox 716 4121 929 4164; baseline 0.005 -1"><span class='ocrx_word' id='word_1_205' title='bbox 716 4127 720 4136; x_wconf 93' lang='lat'>·</span> <span class='ocrx_word' id='word_1_206' title='bbox 889 4121 929 4164; x_wconf 70' lang='lat' dir='ltr'><strong>aa</strong></span> 
     </span>
    </p>
   </div>
   <div class='ocr_carea' id='block_1_7' title="bbox 0 0 1418 4986">
    <p class='ocr_par' dir='ltr' id='par_1_8' title="bbox 0 0 1418 4986">
     <span class='ocr_line' id='line_1_33' title="bbox 0 0 1418 4986; baseline 0 6"><span class='ocrx_word' id='word_1_207' title='bbox 0 0 1418 4986; x_wconf 95' lang='lat' dir='ltr'><strong> </strong></span> 
     </span>
    </p>
   </div>
  </div>
 </body>
</html>
