2828 4986
413 319 846 416 scusatos.
1109 322 1168 408 ae

237 559 252 602 s
301 567 680 594 ·······
729 521 803 611 Μβε
825 527 926 619 ydros

220 611 335 712 Σκαιῇ,
358 617 487 721 δεξιτερῇ
510 613 540 690 δ’
555 611 606 716 ἄρ’
626 613 673 690 ὑπ’
686 624 849 716 ἄνθερσῆως
866 629 966 697 ἑλοῦσα
982 640 1012 700 ι,

144 719 179 822 ξ.
205 742 243 820 7.
289 716 404 804 Loca,
430 713 558 814 quibus
578 729 738 808 orarent,
756 717 851 790 varia
869 733 979 796 erant.
1015 721 1072 798 lbi
1092 749 1166 798 om-

95 818 187 904 niuo
210 839 333 918 preces
354 812 506 903 fiebant,
531 811 595 886 ubi
620 837 662 883 eo
682 817 850 914 temporis
875 834 1007 918 puncto
1021 820 1078 894 vel
1103 820 1167 895 ad-

99 932 177 991 erat
197 913 363 1014 supplex,
387 908 444 987 vcl
470 935 526 984 res
552 909 697 984 ferebat.
757 913 864 1004 Quod
887 942 933 988 ne
956 919 1006 1001 ita¹
1031 918 1167 998 dlctum

98 1013 291 1115 accipiatur
314 1009 438 1100 velim,
455 1021 512 1092 *ut
539 1035 721 1110 nunquam
750 1008 789 1083 in
816 1013 952 1114 templa
978 1018 1169 1093 solenniter

101 1111 281 1188 adoraturi
306 1133 343 1182 se
363 1107 586 1184 contulerint.
635 1109 749 1180 Immo
770 1133 852 1190 vero
876 1110 974 1186 adest
996 1115 1172 1220 ejusmodi

103 1237 145 1284 ou
173 1206 368 1312 plicationis
397 1206 438 1280 in
466 1203 574 1279 Iliade
602 1203 825 1305 exemplum,
875 1233 920 1280 uo
940 1221 1170 1313 praeountem

101 1239 252 1383 leaauo
271 1304 454 1394 comitatae
469 1301 650 1394 Troades,
671 1303 780 1404 peplo
801 1306 846 1380 ad
899 1335 959 1382 eae
979 1337 1092 1411 genua
1110 1311 1174 1386 de·

99 1408 241 1512 posito,
277 1405 416 1506 Ipsam,
439 1413 479 1474 ut
513 1401 650 1476 afflictis
676 1405 803 1502 Troiae
836 1404 942 1481 rebus
971 1423 1175 1503 succurrat,
1245 1405 1250 1433 ¹

100 1518 326 1618 piscaturae,
347 1499 484 1573 solenni
495 1525 629 1670 pompa
643 1499 799 1576 Athenas
811 1503 983 1604 templum
995 1508 1126 1583 adeunt
1140 1527 1174 1584 ²s

153 1603 183 1702 ξ.
197 1603 234 1677 8.
269 1598 380 1691 Illae,-
394 1622 479 1697 quas
520 1598 668 1688 nimus,
684 1612 861 1674 matronae
870 1604 1065 1708 Trojanae,
1082 1621 1171 1682 teste

102 1703 289 1792 Homero,
313 1701 429 1794 ὀλολυγῇ
457 1713 549 1772 πᾶσαι
579 1694 683 1792 Ἀθήνῃ
705 1719 801 1798 χεῖρας
819 1711 937 1797 ἀνέσχον
953 1705 988 1778 5:
1014 1707 1077 1810 qui
1097 1706 1175 1780 ulu-

100 1801 198 1890 latus
221 1797 257 1870 in
279 1795 445 1895 precibus
463 1793 610 1868 solennis
631 1795 697 1868 fuit
719 1809 755 1868 et
771 1825 797 1886 a¹
809 1797 1036 1892 mulieribus,
1062 1815 1102 1876 ut
1126 1805 1177 1878 vi-

105 1899 231 1987 detur,
256 1890 462 1996 praesertim
485 1894 657 1966 excitatus
672 1893 700 1966 ⁴.
752 1892 911 1982 Ὀλολύζειν
924 1914 961 1974 et
978 1909 1114 2000 ὀλολυγὴ,
1133 1915 1175 1977 ut

103 1995 225 2098 inquit
245 1997 278 2067 H
349 1993 423 2083 ius,
448 1989 494 2064 ab
516 1989 645 2090 ejulatu
662 1992 825 2067 translata
843 1995 888 2068 ad
907 1998 1179 2100 supplicationes

105 2093 260 2268 proprio
279 2094 395 2192 aiquo
415 2113 504 2180 usu,
528 2086 813 2192 quandoquidem
833 2092 912 2168 illae
932 2123 1013 2170 cum
1034 2101 1173 2178 miseras

132 2216 211 2283 ¹one
229 2191 384 2265 fortunae
402 2187 554 2290 fiebant,
578 2186 636 2262 rel
654 2213 720 2292 per
737 2189 890 2276 furorem
912 2195 1082 2271 in'teleos
1097 2197 1128 2274 ⁵.

270 2721 528 2806 CAPUT
590 2725 1018 2816 SEPTIMUM.

496 2949 547 2998 DE
578 2949 793 3006 VICTIMIS·

164 3184 197 3284 ξ,
227 3211 259 3259 1.
307 3141 494 3260 Precibus
512 3193 628 3257 autem
640 3183 831 3264 fundendis
851 3189 1010 3294 votisque
1026 3217 1108 3269 cum
1122 3224 1181 3272 su·

114 3279 311 3383 scipiendis
322 3293 397 3353 tum
411 3279 649 3379 persolvendis
660 3283 793 3380 pietatis
807 3286 918 3364 officia
939 3292 1183 3394 adimplevisse

116 3381 282 3470 nondum
295 3379 363 3453 sibi
376 3377 607 3471 videbantur,
630 3383 738 3457 immo
761 3385 816 3460 rel
839 3391 988 3463 maxime
1005 3395 1183 3480 sacrificiis

119 3481 214 3555 Deos
239 3492 276 3552 et
304 3475 498 3552 flectendos
524 3489 559 3550 et
600 3478 789 3580 placandos
819 3511 893 3559 esse
926 3490 1183 3574 existimabant.

5 3609 9 3632 ‚
118 3581 220 3672 Quae
242 3578 394 3652 Graecos
417 3571 537 3675 opinio
561 3575 754 3674 induxerit,
780 3595 819 3656 ut
842 3585 918 3659 Diis
936 3588 1105 3663 sacrificia
1133 3591 1185 3663 os·

118 3677 279 3768 serrem,
313 3670 564 3778 quaerentibus
595 3679 748 3754 occurrit
772 3683 959 3760 numinum
993 3685 1038 3758 ad
1061 3686 1184 3762 huma-

1102 3813 1244 3864 nom¹

155 3965 432 4042 alo1,sooaeql
512 3961 543 4035 a)
560 3965 591 4032 t.
608 3929 716 4034 VIdvs,
734 3976 782 4033 301
801 3994 872 4052 seqq·
955 3971 1187 4052 olla-iracit-

119 4045 152 4122 ί)
171 4051 469 4119 vid.0d.111‚450.et
484 4043 663 4124 0d.lV‚767.¹
676 4053 864 4128 filiationes.
936 4063 966 4132 5)
985 4061 1141 4119 Var.Lectt·
1159 4073 1187 4120 ⁸⁸

120 4132 229 4206 olm·
241 4133 274 4206 ad
292 4131 325 4208 ssa
341 4129 451 4214 vota
488 4123 615 4206 1111111
633 4135 664 4192 at
680 4156 710 4201 eo
723 4139 769 4207 cit.
788 4153 816 4206 et
831 4141 918 4208 Schol-
937 4145 969 4213 at
985 4143 1106 4236 011111.
1123 4146 1182 4211 teo,
1222 4139 1223 4142 ’

860 4248 889 4321 Β
916 4247 938 4322 5
