2862 4986
265 425 268 430 ,
360 296 852 436 'annuales
1084 341 1150 424 aar

189 541 260 642 'ra
286 544 389 646 (aa)
413 544 457 618 a
472 555 592 642 oua
609 550 650 637 aa
667 559 770 642 vais
791 551 901 642 ouo·

191 651 353 743 Πάτροκλος
368 700 378 731 ,
401 650 463 742 spic
478 642 506 719 δ’
521 653 603 718 αὑτὸν
624 649 840 742 ἀπεστυφέλιξεν
854 643 1020 736 Ἀπόλλων,

191 738 325 839 Χεὶρεσσ’
348 748 503 838 ἀθανάτῃσι
520 751 633 842 φαεινὴν
648 745 757 816 ἀσπίδα
772 753 893 817 νύσσων·

182 836 264 914 Ἀλλ’
279 844 326 914 ὅτε
343 842 378 924 δὴ
397 845 428 912 τὸ
447 852 578 937 τέταρτον
598 847 732 940 abluo-nu
750 873 781 913 aa.
800 873 830 916 τ.
846 848 877 920 la
895 853 923 913 Ι.

93 935 219 1040 ltaque
258 936 386 1011 Graeci
431 937 576 1036 Troiam
614 951 853 1039 oppugnatam
905 938 1007 1013 facile
1039 937 1156 1038 cepis*

93 1055 200 1125 sent,
234 1037 264 1110 si
292 1033 439 1138 quidem
486 1037 538 1109 rei
577 1035 738 1109 militaris
773 1036 919 1112 scientia
948 1038 1032 1112 satis
1068 1039 1155 1108 liris·

97 1149 175 1210 sent
199 1132 370 1208 instructi.
419 1137 484 1208 Ast
510 1132 607 1207 urbis
633 1133 850 1209 obsidendae
882 1149 993 1209 artem
1020 1136 1157 1234 ignprs-

96 1246 200 1317 runt.
231 1227 524 1333 necquidquam
556 1229 600 1306 ab
623 1233 781 1306 Homero
803 1249 1039 1322 memoratur,
1063 1229 1159 1334 quod

97 1357 141 1404 eo
160 1331 282 1404 referri
299 1332 418 1431 possit
466 1329 523 1404 Ne
542 1329 648 1428 igitur
669 1329 715 1403 de
740 1329 922 1405 obsidione
950 1331 1159 1430 cogitemus,

62 1491 65 1498 ,
97 1429 238 1532 qualem
274 1440 392 1503 nostra
424 1439 517 1500 aetas
552 1426 728 1526 intelligit.
787 1429 863 1503 Nec
903 1431 999 1503 enim
1036 1427 1163 1501 nrbetn

99 1531 263 1626 cingere,
297 1551 364 1600 nec
392 1539 589 1600 commeatu
619 1539 858 1626 oppugnatam
905 1524 1162 1614 intercludere,

100 1651 169 1700 nec
201 1625 371 1698 machinis
412 1623 531 1698 aliisve
573 1624 678 1697 rebus
707 1625 753 1696 ad
788 1623 1008 1699 deditionem
1037 1643 1161 1723 cogere

102 1735 283 1797 noverunt.
341 1725 456 1815 Quam
489 1733 598 1794 artem
630 1721 660 1794 si
696 1721 924 1816 calluissent,
963 1723 1025 1824 qul
1061 1745 1167 1824 quac·

102 1849 143 1896 so
167 1825 205 1895 in
219 1845 289 1893 una
307 1844 417 1922 eaque
435 1843 542 1919 parva
563 1843 630 1894 nec
646 1823 729 1893 satis
751 1819 886 1894 munita
910 1819 998 1893 urbe
1020 1821 1165 1920 capien-

105 1923 150 1994 da
176 1919 302 1992 desem
326 1942 439 1990 annos
465 1917 769 1991 consumsissent?
803 1939 909 2020 quam
940 1917 1085 2020 quidem
1107 1935 1166 1988 ur·
1216 2009 1222 2018 Ι

104 2019 190 2094 bem
208 2015 351 2090 tandem
374 2041 446 2089 non
462 2015 500 2090 ri
516 2029 553 2087 et
570 2015 699 2090 virtute
725 2030 994 2116 expugnarunt,
1020 2015 1082 2089 sed
1101 2036 1166 2114 per

105 2117 269 2192 fraudem·
284 2115 321 2188 in
341 2139 440 2188 snam
452 2124 660 2213 potestatem
680 2113 892 2211 redegerunt
907 2133 936 2192 ³.
971 2115 1061 2188 Suae
1071 2116 1169 2198 enirn

104 2214 247 2288 urbium
270 2210 542 2288 obsidendarum
562 2211 718 2286 inscitiae
747 2209 856 2312 probe
881 2215 1011 2289 conscii
1039 2213 1167 2288 Graeci

108 2315 197 2411 agris
227 2312 389 2412 Trojanis
416 2307 593 2384 vastandis
624 2321 660 2382 et
696 2309 857 2480 plurimis
880 2310 1029 2386 urbibus
1061 2335 1172 2412 expu-

129 2410 254 2486 nandis
287 2411 440 2509 opimam
462 2407 629 2510 praedam
665 2432 706 2480 co
720 2405 875 2506 ligabant
889 2408 927 2481 5:
963 2424 999 2483 et
1026 2409 1170 2514 Trojani

107 2438 276 2608 dogmate
290 2506 385 2579 hello
402 2533 518 2604 agros,
543 2507 581 2580 in
601 2505 709 2608 ipsius
730 2505 826 2580 urbis
845 2507 979 2582 ambitu
996 2512 1095 2601 sitos,
1116 2529 1175 2598 co·

107 2609 181 2683 lere
201 2607 352 2706 potuisse
371 2605 553 2694 videntur,
576 2607 607 2678 si
628 2617 785 2676 veterum
800 2603 941 2678 urbium
961 2621 1124 2682 naturam
1139 2615 1175 2679 et

109 2705 193 2780 belli
210 2701 356 2802 gerendi
382 2727 518 2775 morem
546 2702 736 2799 cogitemus
752 2702 781 2773 4.
832 2703 960 2778 Primis
980 2706 1064 2782 belli
1084 2720 1177 2780 tem·

110 2801 258 2906 poribus
282 2803 392 2874 muris
414 2801 566 2873 inclusos
584 2823 622 2871 se
648 2812 838 2873 tennerunt
867 2803 1033 2900 Trojani;
1059 2829 1172 2904 quum

110 2917 228 2975 antem
240 2899 512 2998 Agamemnonis
532 2925 613 2970 cum
633 2897 772 2971 Achille
793 2905 1056 2976 contentionem
1070 2919 1174 3006 atque

113 3001 220 3100 hujus
261 2997 307 3072 ab
341 2996 447 3070 armis
479 2995 725 3069 discessionem
763 2997 1017 3097 rescivissent,
1054 3019 1174 3106 portas

116 3097 243 3198 egressi
270 3094 426 3198 quotidie
446 3094 518 3170 sere
545 3119 589 3166 ex
607 3092 718 3185 urbs,
744 3107 786 3166 ut
810 3097 939 3171 Graeci
965 3125 1009 3174 ex
1034 3107 1176 3200 castris,

115 3221 281 3284 excursus
294 3195 477 3286 fecerunt,
503 3189 599 3266 unde
612 3190 739 3266 leviora
754 3193 921 3268 continuo
938 3199 1071 3299 proelia
1084 3203 1178 3279 orie·-

114 3289 264 3370 bantnr:
291 3290 477 3393 aliquando
497 3303 617 3364 tamen
633 3291 747 3364 acrius
768 3293 885 3367 hostes
911 3301 1060 3394 aggressi
1073 3315 1176 3394 sunt,

114 3409 155 3470 ut
175 3391 327 3464 Hectore
360 3388 452 3464 duce
491 3389 704 3464 Achivorum
731 3413 836 3465 naves
865 3393 1033 3470 incendio
1060 3397 1176 3472 delere

116 3507 153 3566 et
171 3503 282 3564 castra
305 3489 518 3590 perfringere
548 3498 783 3565 conarentur:
812 3505 894 3588 post
919 3493 1012 3566 varia
1036 3497 1179 3570 tandem

117 3589 318 3664 discrimina
345 3586 503 3660 Patroclo
544 3588 656 3659 occiso
686 3586 733 3659 ad
756 3605 912 3688 pugnarn
944 3593 1036 3665 redit
1060 3591 1179 3669 Achil.

1110 3689 1182 3794 les,

124 3993 126 4002 ,
157 3919 186 3992 i)
203 3921 236 3977 ll.
255 3909 333 3991 XVl,
349 3929 401 3992 7152
415 3921 486 3993 utiq.
593 3919 624 3988 h}
643 3910 706 3975 Vld·
722 3907 771 3978 (ld.
788 3911 843 3991 Ν,
861 3925 920 3993 ²7²·
1018 3911 1049 3992 Β)
1066 3913 1127 3986 ttit.
1145 3923 1180 3988 ll.

120 4002 198 4074 1115
216 4007 268 4063 sto
280 4021 351 4077 seqq.
438 4004 468 4076 t)
487 4003 538 4058 Nee
552 4011 639 4059 tanen
653 4003 704 4060 huc
724 4001 799 4059 licssn
816 4003 970 4073 retulerlm,
984 4013 1050 4076 qnae
1062 4005 1183 4080 leguntur

120 4085 244 4158 nan,
261 4090 379 4160 maun·
900 4167 923 4222 Χ
